%YAML 1.1
%TAG !u! tag:unity3d.com,2011:
--- !u!1 &4561237277730146374
GameObject:
  m_ObjectHideFlags: 0
  m_CorrespondingSourceObject: {fileID: 0}
  m_PrefabInstance: {fileID: 0}
  m_PrefabAsset: {fileID: 0}
  serializedVersion: 6
  m_Component:
  - component: {fileID: 3608034458428012927}
  - component: {fileID: 178848965579325430}
  m_Layer: 0
  m_Name: Cemaforo
  m_TagString: Untagged
  m_Icon: {fileID: 0}
  m_NavMeshLayer: 0
  m_StaticEditorFlags: 0
  m_IsActive: 1
--- !u!4 &3608034458428012927
Transform:
  m_ObjectHideFlags: 0
  m_CorrespondingSourceObject: {fileID: 0}
  m_PrefabInstance: {fileID: 0}
  m_PrefabAsset: {fileID: 0}
  m_GameObject: {fileID: 4561237277730146374}
  m_LocalRotation: {x: -0, y: -0, z: -0, w: 1}
  m_LocalPosition: {x: 6.239917, y: -0.0045792637, z: 6.2616305}
  m_LocalScale: {x: 0.71366, y: 0.71366, z: 0.71366}
  m_Children:
  - {fileID: 5521826745684745139}
  - {fileID: 3689601582145043822}
  m_Father: {fileID: 0}
  m_RootOrder: 0
  m_LocalEulerAnglesHint: {x: 0, y: 0, z: 0}
--- !u!136 &178848965579325430
CapsuleCollider:
  m_ObjectHideFlags: 0
  m_CorrespondingSourceObject: {fileID: 0}
  m_PrefabInstance: {fileID: 0}
  m_PrefabAsset: {fileID: 0}
  m_GameObject: {fileID: 4561237277730146374}
  m_Material: {fileID: 0}
  m_IsTrigger: 0
  m_Enabled: 1
  m_Radius: 0.07
  m_Height: 1
  m_Direction: 1
  m_Center: {x: 0, y: 0.44, z: 0.03}
--- !u!1001 &2179579514334651444
PrefabInstance:
  m_ObjectHideFlags: 0
  serializedVersion: 2
  m_Modification:
    m_TransformParent: {fileID: 3608034458428012927}
    m_Modifications:
    - target: {fileID: 3245816676718757242, guid: e6652d58dc76d5944b565a484f496de0,
        type: 3}
      propertyPath: m_Name
      value: Semaforo
      objectReference: {fileID: 0}
    - target: {fileID: 3245816676718729562, guid: e6652d58dc76d5944b565a484f496de0,
        type: 3}
      propertyPath: m_LocalPosition.x
      value: 0
      objectReference: {fileID: 0}
    - target: {fileID: 3245816676718729562, guid: e6652d58dc76d5944b565a484f496de0,
        type: 3}
      propertyPath: m_LocalPosition.y
      value: 0
      objectReference: {fileID: 0}
    - target: {fileID: 3245816676718729562, guid: e6652d58dc76d5944b565a484f496de0,
        type: 3}
      propertyPath: m_LocalPosition.z
      value: 0
      objectReference: {fileID: 0}
    - target: {fileID: 3245816676718729562, guid: e6652d58dc76d5944b565a484f496de0,
        type: 3}
      propertyPath: m_LocalRotation.x
      value: -0
      objectReference: {fileID: 0}
    - target: {fileID: 3245816676718729562, guid: e6652d58dc76d5944b565a484f496de0,
        type: 3}
      propertyPath: m_LocalRotation.y
      value: -0
      objectReference: {fileID: 0}
    - target: {fileID: 3245816676718729562, guid: e6652d58dc76d5944b565a484f496de0,
        type: 3}
      propertyPath: m_LocalRotation.z
      value: -0
      objectReference: {fileID: 0}
    - target: {fileID: 3245816676718729562, guid: e6652d58dc76d5944b565a484f496de0,
        type: 3}
      propertyPath: m_LocalRotation.w
      value: 1
      objectReference: {fileID: 0}
    - target: {fileID: 3245816676718729562, guid: e6652d58dc76d5944b565a484f496de0,
        type: 3}
      propertyPath: m_RootOrder
      value: 1
      objectReference: {fileID: 0}
    - target: {fileID: 3245816676718729562, guid: e6652d58dc76d5944b565a484f496de0,
        type: 3}
      propertyPath: m_LocalEulerAnglesHint.x
      value: 0
      objectReference: {fileID: 0}
    - target: {fileID: 3245816676718729562, guid: e6652d58dc76d5944b565a484f496de0,
        type: 3}
      propertyPath: m_LocalEulerAnglesHint.y
      value: 0
      objectReference: {fileID: 0}
    - target: {fileID: 3245816676718729562, guid: e6652d58dc76d5944b565a484f496de0,
        type: 3}
      propertyPath: m_LocalEulerAnglesHint.z
      value: 0
      objectReference: {fileID: 0}
    - target: {fileID: 3245816676718729562, guid: e6652d58dc76d5944b565a484f496de0,
        type: 3}
      propertyPath: m_LocalScale.x
      value: 1.2611046
      objectReference: {fileID: 0}
    - target: {fileID: 3245816676718729562, guid: e6652d58dc76d5944b565a484f496de0,
        type: 3}
      propertyPath: m_LocalScale.y
      value: 1.2611046
      objectReference: {fileID: 0}
    - target: {fileID: 3245816676718729562, guid: e6652d58dc76d5944b565a484f496de0,
        type: 3}
      propertyPath: m_LocalScale.z
      value: 1.2611046
      objectReference: {fileID: 0}
    m_RemovedComponents: []
  m_SourcePrefab: {fileID: 100100000, guid: e6652d58dc76d5944b565a484f496de0, type: 3}
--- !u!4 &3689601582145043822 stripped
Transform:
  m_CorrespondingSourceObject: {fileID: 3245816676718729562, guid: e6652d58dc76d5944b565a484f496de0,
    type: 3}
  m_PrefabInstance: {fileID: 2179579514334651444}
  m_PrefabAsset: {fileID: 0}
--- !u!1001 &4549697169539985239
PrefabInstance:
  m_ObjectHideFlags: 0
  serializedVersion: 2
  m_Modification:
    m_TransformParent: {fileID: 3608034458428012927}
    m_Modifications:
    - target: {fileID: 8323423226550692036, guid: b1fac8da062424c43adc24a21da06796,
        type: 3}
      propertyPath: m_Name
      value: Arvore
      objectReference: {fileID: 0}
    - target: {fileID: 8323423226550924516, guid: b1fac8da062424c43adc24a21da06796,
        type: 3}
      propertyPath: m_LocalPosition.x
      value: 0.049
      objectReference: {fileID: 0}
    - target: {fileID: 8323423226550924516, guid: b1fac8da062424c43adc24a21da06796,
        type: 3}
      propertyPath: m_LocalPosition.y
      value: 0.015
      objectReference: {fileID: 0}
    - target: {fileID: 8323423226550924516, guid: b1fac8da062424c43adc24a21da06796,
        type: 3}
      propertyPath: m_LocalPosition.z
      value: 0.028
      objectReference: {fileID: 0}
    - target: {fileID: 8323423226550924516, guid: b1fac8da062424c43adc24a21da06796,
        type: 3}
      propertyPath: m_LocalRotation.x
      value: -0
      objectReference: {fileID: 0}
    - target: {fileID: 8323423226550924516, guid: b1fac8da062424c43adc24a21da06796,
        type: 3}
      propertyPath: m_LocalRotation.y
      value: -0
      objectReference: {fileID: 0}
    - target: {fileID: 8323423226550924516, guid: b1fac8da062424c43adc24a21da06796,
        type: 3}
      propertyPath: m_LocalRotation.z
      value: -0
      objectReference: {fileID: 0}
    - target: {fileID: 8323423226550924516, guid: b1fac8da062424c43adc24a21da06796,
        type: 3}
      propertyPath: m_LocalRotation.w
      value: 1
      objectReference: {fileID: 0}
    - target: {fileID: 8323423226550924516, guid: b1fac8da062424c43adc24a21da06796,
        type: 3}
      propertyPath: m_RootOrder
      value: 0
      objectReference: {fileID: 0}
    - target: {fileID: 8323423226550924516, guid: b1fac8da062424c43adc24a21da06796,
        type: 3}
      propertyPath: m_LocalEulerAnglesHint.x
      value: 0
      objectReference: {fileID: 0}
    - target: {fileID: 8323423226550924516, guid: b1fac8da062424c43adc24a21da06796,
        type: 3}
      propertyPath: m_LocalEulerAnglesHint.y
      value: 0
      objectReference: {fileID: 0}
    - target: {fileID: 8323423226550924516, guid: b1fac8da062424c43adc24a21da06796,
        type: 3}
      propertyPath: m_LocalEulerAnglesHint.z
      value: 0
      objectReference: {fileID: 0}
    - target: {fileID: 8323423226550924516, guid: b1fac8da062424c43adc24a21da06796,
        type: 3}
      propertyPath: m_LocalScale.x
      value: 1
      objectReference: {fileID: 0}
    - target: {fileID: 8323423226550924516, guid: b1fac8da062424c43adc24a21da06796,
        type: 3}
      propertyPath: m_LocalScale.y
      value: 1
      objectReference: {fileID: 0}
    - target: {fileID: 8323423226550924516, guid: b1fac8da062424c43adc24a21da06796,
        type: 3}
      propertyPath: m_LocalScale.z
      value: 1
      objectReference: {fileID: 0}
    m_RemovedComponents: []
  m_SourcePrefab: {fileID: 100100000, guid: b1fac8da062424c43adc24a21da06796, type: 3}
--- !u!4 &5521826745684745139 stripped
Transform:
  m_CorrespondingSourceObject: {fileID: 8323423226550924516, guid: b1fac8da062424c43adc24a21da06796,
    type: 3}
  m_PrefabInstance: {fileID: 4549697169539985239}
  m_PrefabAsset: {fileID: 0}
