%YAML 1.1
%TAG !u! tag:unity3d.com,2011:
--- !u!1 &1190175306491654532
GameObject:
  m_ObjectHideFlags: 0
  m_CorrespondingSourceObject: {fileID: 0}
  m_PrefabInstance: {fileID: 0}
  m_PrefabAsset: {fileID: 0}
  serializedVersion: 6
  m_Component:
  - component: {fileID: 5132707808975315337}
  - component: {fileID: 8853913946254245705}
  m_Layer: 0
  m_Name: Cheqpoint
  m_TagString: Untagged
  m_Icon: {fileID: 0}
  m_NavMeshLayer: 0
  m_StaticEditorFlags: 0
  m_IsActive: 1
--- !u!4 &5132707808975315337
Transform:
  m_ObjectHideFlags: 0
  m_CorrespondingSourceObject: {fileID: 0}
  m_PrefabInstance: {fileID: 0}
  m_PrefabAsset: {fileID: 0}
  m_GameObject: {fileID: 1190175306491654532}
  m_LocalRotation: {x: -0, y: -0, z: -0, w: 1}
  m_LocalPosition: {x: 1.949, y: 0, z: 6.094556}
  m_LocalScale: {x: 1, y: 1, z: 1}
  m_Children:
  - {fileID: 5466859965099946850}
  - {fileID: 468455908800413916}
  m_Father: {fileID: 0}
  m_RootOrder: 0
  m_LocalEulerAnglesHint: {x: 0, y: 0, z: 0}
--- !u!65 &8853913946254245705
BoxCollider:
  m_ObjectHideFlags: 0
  m_CorrespondingSourceObject: {fileID: 0}
  m_PrefabInstance: {fileID: 0}
  m_PrefabAsset: {fileID: 0}
  m_GameObject: {fileID: 1190175306491654532}
  m_Material: {fileID: 0}
  m_IsTrigger: 0
  m_Enabled: 1
  serializedVersion: 2
  m_Size: {x: 0.21, y: 0.71, z: 0.2}
  m_Center: {x: 0, y: 0.36, z: 0}
--- !u!65 &2539037957951687262
BoxCollider:
  m_ObjectHideFlags: 0
  m_CorrespondingSourceObject: {fileID: 0}
  m_PrefabInstance: {fileID: 0}
  m_PrefabAsset: {fileID: 0}
  m_GameObject: {fileID: 5466859965099650882}
  m_Material: {fileID: 0}
  m_IsTrigger: 1
  m_Enabled: 1
  serializedVersion: 2
  m_Size: {x: 0.39, y: 0.09, z: 0.38}
  m_Center: {x: 0, y: 0.04, z: 0}
--- !u!82 &5230311995476204749
AudioSource:
  m_ObjectHideFlags: 0
  m_CorrespondingSourceObject: {fileID: 0}
  m_PrefabInstance: {fileID: 0}
  m_PrefabAsset: {fileID: 0}
  m_GameObject: {fileID: 5466859965099650882}
  m_Enabled: 1
  serializedVersion: 4
  OutputAudioMixerGroup: {fileID: 0}
  m_audioClip: {fileID: 8300000, guid: 6a4c9989b45566f4995309b7d0bbf592, type: 3}
  m_PlayOnAwake: 0
  m_Volume: 1
  m_Pitch: 1
  Loop: 0
  Mute: 0
  Spatialize: 0
  SpatializePostEffects: 0
  Priority: 128
  DopplerLevel: 1
  MinDistance: 0.1
  MaxDistance: 2.45
  Pan2D: 0
  rolloffMode: 2
  BypassEffects: 0
  BypassListenerEffects: 0
  BypassReverbZones: 0
  rolloffCustomCurve:
    serializedVersion: 2
    m_Curve:
    - serializedVersion: 3
      time: 0.040816326
      value: 1
      inSlope: -24.509798
      outSlope: -24.509798
      tangentMode: 0
      weightedMode: 0
      inWeight: 0
      outWeight: 0
    - serializedVersion: 3
      time: 0.08163265
      value: 0.5
      inSlope: -6.1274495
      outSlope: -6.1274495
      tangentMode: 0
      weightedMode: 0
      inWeight: 0
      outWeight: 0
    - serializedVersion: 3
      time: 0.1632653
      value: 0.25
      inSlope: -1.5318624
      outSlope: -1.5318624
      tangentMode: 0
      weightedMode: 0
      inWeight: 0
      outWeight: 0
    - serializedVersion: 3
      time: 0.3265306
      value: 0.06576538
      inSlope: -0.3829656
      outSlope: -0.3829656
      tangentMode: 0
      weightedMode: 0
      inWeight: 0
      outWeight: 0
    - serializedVersion: 3
      time: 0.6530612
      value: 0.028656006
      inSlope: -0.0957414
      outSlope: -0.0957414
      tangentMode: 0
      weightedMode: 0
      inWeight: 0
      outWeight: 0
    - serializedVersion: 3
      time: 1
      value: 0.023894329
      inSlope: -0.040832628
      outSlope: -0.040832628
      tangentMode: 0
      weightedMode: 0
      inWeight: 0
      outWeight: 0
    m_PreInfinity: 2
    m_PostInfinity: 2
    m_RotationOrder: 4
  panLevelCustomCurve:
    serializedVersion: 2
    m_Curve:
    - serializedVersion: 3
      time: 0
      value: 0.86
      inSlope: 0
      outSlope: 0
      tangentMode: 0
      weightedMode: 0
      inWeight: 0.33333334
      outWeight: 0.33333334
    m_PreInfinity: 2
    m_PostInfinity: 2
    m_RotationOrder: 4
  spreadCustomCurve:
    serializedVersion: 2
    m_Curve:
    - serializedVersion: 3
      time: 0
      value: 0
      inSlope: 0
      outSlope: 0
      tangentMode: 0
      weightedMode: 0
      inWeight: 0.33333334
      outWeight: 0.33333334
    m_PreInfinity: 2
    m_PostInfinity: 2
    m_RotationOrder: 4
  reverbZoneMixCustomCurve:
    serializedVersion: 2
    m_Curve:
    - serializedVersion: 3
      time: 0
      value: 1
      inSlope: 0
      outSlope: 0
      tangentMode: 0
      weightedMode: 0
      inWeight: 0.33333334
      outWeight: 0.33333334
    m_PreInfinity: 2
    m_PostInfinity: 2
    m_RotationOrder: 4
--- !u!114 &6216402130473861655
MonoBehaviour:
  m_ObjectHideFlags: 0
  m_CorrespondingSourceObject: {fileID: 0}
  m_PrefabInstance: {fileID: 0}
  m_PrefabAsset: {fileID: 0}
  m_GameObject: {fileID: 5466859965099650882}
  m_Enabled: 1
  m_EditorHideFlags: 0
  m_Script: {fileID: 11500000, guid: 912b6b585239478479459d8f3e00af9f, type: 3}
  m_Name: 
  m_EditorClassIdentifier: 
--- !u!1001 &476169623751561491
PrefabInstance:
  m_ObjectHideFlags: 0
  serializedVersion: 2
  m_Modification:
    m_TransformParent: {fileID: 5132707808975315337}
    m_Modifications:
    - target: {fileID: 7876442687262127, guid: 4898770c76dd0544eb5e0b8c22e0fcaf, type: 3}
      propertyPath: m_Name
      value: Telefone
      objectReference: {fileID: 0}
    - target: {fileID: 7876442686771663, guid: 4898770c76dd0544eb5e0b8c22e0fcaf, type: 3}
      propertyPath: m_LocalPosition.x
      value: 0
      objectReference: {fileID: 0}
    - target: {fileID: 7876442686771663, guid: 4898770c76dd0544eb5e0b8c22e0fcaf, type: 3}
      propertyPath: m_LocalPosition.y
      value: -0.022
      objectReference: {fileID: 0}
    - target: {fileID: 7876442686771663, guid: 4898770c76dd0544eb5e0b8c22e0fcaf, type: 3}
      propertyPath: m_LocalPosition.z
      value: 0
      objectReference: {fileID: 0}
    - target: {fileID: 7876442686771663, guid: 4898770c76dd0544eb5e0b8c22e0fcaf, type: 3}
      propertyPath: m_LocalRotation.x
      value: -0
      objectReference: {fileID: 0}
    - target: {fileID: 7876442686771663, guid: 4898770c76dd0544eb5e0b8c22e0fcaf, type: 3}
      propertyPath: m_LocalRotation.y
      value: 0.9999761
      objectReference: {fileID: 0}
    - target: {fileID: 7876442686771663, guid: 4898770c76dd0544eb5e0b8c22e0fcaf, type: 3}
      propertyPath: m_LocalRotation.z
      value: -0
      objectReference: {fileID: 0}
    - target: {fileID: 7876442686771663, guid: 4898770c76dd0544eb5e0b8c22e0fcaf, type: 3}
      propertyPath: m_LocalRotation.w
      value: 0.006917632
      objectReference: {fileID: 0}
    - target: {fileID: 7876442686771663, guid: 4898770c76dd0544eb5e0b8c22e0fcaf, type: 3}
      propertyPath: m_RootOrder
      value: 1
      objectReference: {fileID: 0}
    - target: {fileID: 7876442686771663, guid: 4898770c76dd0544eb5e0b8c22e0fcaf, type: 3}
      propertyPath: m_LocalEulerAnglesHint.x
      value: 0
      objectReference: {fileID: 0}
    - target: {fileID: 7876442686771663, guid: 4898770c76dd0544eb5e0b8c22e0fcaf, type: 3}
      propertyPath: m_LocalEulerAnglesHint.y
      value: 179.20702
      objectReference: {fileID: 0}
    - target: {fileID: 7876442686771663, guid: 4898770c76dd0544eb5e0b8c22e0fcaf, type: 3}
      propertyPath: m_LocalEulerAnglesHint.z
      value: 0
      objectReference: {fileID: 0}
    m_RemovedComponents: []
  m_SourcePrefab: {fileID: 100100000, guid: 4898770c76dd0544eb5e0b8c22e0fcaf, type: 3}
--- !u!4 &468455908800413916 stripped
Transform:
  m_CorrespondingSourceObject: {fileID: 7876442686771663, guid: 4898770c76dd0544eb5e0b8c22e0fcaf,
    type: 3}
  m_PrefabInstance: {fileID: 476169623751561491}
  m_PrefabAsset: {fileID: 0}
--- !u!1001 &2107158165380296318
PrefabInstance:
  m_ObjectHideFlags: 0
  serializedVersion: 2
  m_Modification:
    m_TransformParent: {fileID: 5132707808975315337}
    m_Modifications:
    - target: {fileID: 6260022189272056124, guid: d30aeb3c833e2a144a98aaf89669faba,
        type: 3}
      propertyPath: m_Name
      value: Cabine
      objectReference: {fileID: 0}
    - target: {fileID: 6260022189271571740, guid: d30aeb3c833e2a144a98aaf89669faba,
        type: 3}
      propertyPath: m_LocalPosition.x
      value: 0
      objectReference: {fileID: 0}
    - target: {fileID: 6260022189271571740, guid: d30aeb3c833e2a144a98aaf89669faba,
        type: 3}
      propertyPath: m_LocalPosition.y
      value: 0
      objectReference: {fileID: 0}
    - target: {fileID: 6260022189271571740, guid: d30aeb3c833e2a144a98aaf89669faba,
        type: 3}
      propertyPath: m_LocalPosition.z
      value: 0
      objectReference: {fileID: 0}
    - target: {fileID: 6260022189271571740, guid: d30aeb3c833e2a144a98aaf89669faba,
        type: 3}
      propertyPath: m_LocalRotation.x
      value: -0
      objectReference: {fileID: 0}
    - target: {fileID: 6260022189271571740, guid: d30aeb3c833e2a144a98aaf89669faba,
        type: 3}
      propertyPath: m_LocalRotation.y
      value: -0
      objectReference: {fileID: 0}
    - target: {fileID: 6260022189271571740, guid: d30aeb3c833e2a144a98aaf89669faba,
        type: 3}
      propertyPath: m_LocalRotation.z
      value: -0
      objectReference: {fileID: 0}
    - target: {fileID: 6260022189271571740, guid: d30aeb3c833e2a144a98aaf89669faba,
        type: 3}
      propertyPath: m_LocalRotation.w
      value: 1
      objectReference: {fileID: 0}
    - target: {fileID: 6260022189271571740, guid: d30aeb3c833e2a144a98aaf89669faba,
        type: 3}
      propertyPath: m_RootOrder
      value: 0
      objectReference: {fileID: 0}
    - target: {fileID: 6260022189271571740, guid: d30aeb3c833e2a144a98aaf89669faba,
        type: 3}
      propertyPath: m_LocalEulerAnglesHint.x
      value: 0
      objectReference: {fileID: 0}
    - target: {fileID: 6260022189271571740, guid: d30aeb3c833e2a144a98aaf89669faba,
        type: 3}
      propertyPath: m_LocalEulerAnglesHint.y
      value: 0
      objectReference: {fileID: 0}
    - target: {fileID: 6260022189271571740, guid: d30aeb3c833e2a144a98aaf89669faba,
        type: 3}
      propertyPath: m_LocalEulerAnglesHint.z
      value: 0
      objectReference: {fileID: 0}
    - target: {fileID: 6260022189273997304, guid: d30aeb3c833e2a144a98aaf89669faba,
        type: 3}
      propertyPath: m_LightProbeUsage
      value: 0
      objectReference: {fileID: 0}
    - target: {fileID: 6260022189273997304, guid: d30aeb3c833e2a144a98aaf89669faba,
        type: 3}
      propertyPath: m_ReflectionProbeUsage
      value: 0
      objectReference: {fileID: 0}
    - target: {fileID: 6260022189273997304, guid: d30aeb3c833e2a144a98aaf89669faba,
        type: 3}
      propertyPath: m_CastShadows
      value: 0
      objectReference: {fileID: 0}
    - target: {fileID: 6260022189273997304, guid: d30aeb3c833e2a144a98aaf89669faba,
        type: 3}
      propertyPath: m_ReceiveShadows
      value: 0
      objectReference: {fileID: 0}
    - target: {fileID: 6260022189273997304, guid: d30aeb3c833e2a144a98aaf89669faba,
        type: 3}
      propertyPath: m_DynamicOccludee
      value: 0
      objectReference: {fileID: 0}
    m_RemovedComponents: []
  m_SourcePrefab: {fileID: 100100000, guid: d30aeb3c833e2a144a98aaf89669faba, type: 3}
--- !u!1 &5466859965099650882 stripped
GameObject:
  m_CorrespondingSourceObject: {fileID: 6260022189272056124, guid: d30aeb3c833e2a144a98aaf89669faba,
    type: 3}
  m_PrefabInstance: {fileID: 2107158165380296318}
  m_PrefabAsset: {fileID: 0}
--- !u!4 &5466859965099946850 stripped
Transform:
  m_CorrespondingSourceObject: {fileID: 6260022189271571740, guid: d30aeb3c833e2a144a98aaf89669faba,
    type: 3}
  m_PrefabInstance: {fileID: 2107158165380296318}
  m_PrefabAsset: {fileID: 0}
