%YAML 1.1
%TAG !u! tag:unity3d.com,2011:
--- !u!1 &2313735504514082587
GameObject:
  m_ObjectHideFlags: 0
  m_CorrespondingSourceObject: {fileID: 0}
  m_PrefabInstance: {fileID: 0}
  m_PrefabAsset: {fileID: 0}
  serializedVersion: 6
  m_Component:
  - component: {fileID: 3045875734627062102}
  - component: {fileID: 3172766377249795875}
  m_Layer: 0
  m_Name: Placas
  m_TagString: Untagged
  m_Icon: {fileID: 0}
  m_NavMeshLayer: 0
  m_StaticEditorFlags: 0
  m_IsActive: 1
--- !u!4 &3045875734627062102
Transform:
  m_ObjectHideFlags: 0
  m_CorrespondingSourceObject: {fileID: 0}
  m_PrefabInstance: {fileID: 0}
  m_PrefabAsset: {fileID: 0}
  m_GameObject: {fileID: 2313735504514082587}
  m_LocalRotation: {x: -0, y: -0, z: -0, w: 1}
  m_LocalPosition: {x: 5.902988, y: 0, z: 6.0553856}
  m_LocalScale: {x: 1, y: 1, z: 1}
  m_Children:
  - {fileID: 898746184617190559}
  - {fileID: 9080109798824495832}
  m_Father: {fileID: 0}
  m_RootOrder: 0
  m_LocalEulerAnglesHint: {x: 0, y: 0, z: 0}
--- !u!136 &3172766377249795875
CapsuleCollider:
  m_ObjectHideFlags: 0
  m_CorrespondingSourceObject: {fileID: 0}
  m_PrefabInstance: {fileID: 0}
  m_PrefabAsset: {fileID: 0}
  m_GameObject: {fileID: 2313735504514082587}
  m_Material: {fileID: 0}
  m_IsTrigger: 0
  m_Enabled: 1
  m_Radius: 0.02
  m_Height: 0.48
  m_Direction: 1
  m_Center: {x: 0, y: 0.23, z: 0}
--- !u!1001 &3145878811111985432
PrefabInstance:
  m_ObjectHideFlags: 0
  serializedVersion: 2
  m_Modification:
    m_TransformParent: {fileID: 3045875734627062102}
    m_Modifications:
    - target: {fileID: 2868956759125030279, guid: d7c7b4fef4f87f447b24a320a26b495d,
        type: 3}
      propertyPath: m_LocalPosition.x
      value: 0
      objectReference: {fileID: 0}
    - target: {fileID: 2868956759125030279, guid: d7c7b4fef4f87f447b24a320a26b495d,
        type: 3}
      propertyPath: m_LocalPosition.y
      value: 0
      objectReference: {fileID: 0}
    - target: {fileID: 2868956759125030279, guid: d7c7b4fef4f87f447b24a320a26b495d,
        type: 3}
      propertyPath: m_LocalPosition.z
      value: 0
      objectReference: {fileID: 0}
    - target: {fileID: 2868956759125030279, guid: d7c7b4fef4f87f447b24a320a26b495d,
        type: 3}
      propertyPath: m_LocalRotation.x
      value: -0
      objectReference: {fileID: 0}
    - target: {fileID: 2868956759125030279, guid: d7c7b4fef4f87f447b24a320a26b495d,
        type: 3}
      propertyPath: m_LocalRotation.y
      value: -0
      objectReference: {fileID: 0}
    - target: {fileID: 2868956759125030279, guid: d7c7b4fef4f87f447b24a320a26b495d,
        type: 3}
      propertyPath: m_LocalRotation.z
      value: -0
      objectReference: {fileID: 0}
    - target: {fileID: 2868956759125030279, guid: d7c7b4fef4f87f447b24a320a26b495d,
        type: 3}
      propertyPath: m_LocalRotation.w
      value: 1
      objectReference: {fileID: 0}
    - target: {fileID: 2868956759125030279, guid: d7c7b4fef4f87f447b24a320a26b495d,
        type: 3}
      propertyPath: m_RootOrder
      value: 0
      objectReference: {fileID: 0}
    - target: {fileID: 2868956759125030279, guid: d7c7b4fef4f87f447b24a320a26b495d,
        type: 3}
      propertyPath: m_LocalEulerAnglesHint.x
      value: 0
      objectReference: {fileID: 0}
    - target: {fileID: 2868956759125030279, guid: d7c7b4fef4f87f447b24a320a26b495d,
        type: 3}
      propertyPath: m_LocalEulerAnglesHint.y
      value: 0
      objectReference: {fileID: 0}
    - target: {fileID: 2868956759125030279, guid: d7c7b4fef4f87f447b24a320a26b495d,
        type: 3}
      propertyPath: m_LocalEulerAnglesHint.z
      value: 0
      objectReference: {fileID: 0}
    - target: {fileID: 2868956759125030279, guid: d7c7b4fef4f87f447b24a320a26b495d,
        type: 3}
      propertyPath: m_LocalScale.y
      value: 1.6477
      objectReference: {fileID: 0}
    - target: {fileID: 2868956759125256615, guid: d7c7b4fef4f87f447b24a320a26b495d,
        type: 3}
      propertyPath: m_Name
      value: Cone02
      objectReference: {fileID: 0}
    m_RemovedComponents: []
  m_SourcePrefab: {fileID: 100100000, guid: d7c7b4fef4f87f447b24a320a26b495d, type: 3}
--- !u!4 &898746184617190559 stripped
Transform:
  m_CorrespondingSourceObject: {fileID: 2868956759125030279, guid: d7c7b4fef4f87f447b24a320a26b495d,
    type: 3}
  m_PrefabInstance: {fileID: 3145878811111985432}
  m_PrefabAsset: {fileID: 0}
--- !u!1001 &6691034613658184095
PrefabInstance:
  m_ObjectHideFlags: 0
  serializedVersion: 2
  m_Modification:
    m_TransformParent: {fileID: 3045875734627062102}
    m_Modifications:
    - target: {fileID: 8831755698054887160, guid: c43bfee24febc3f48a208e03f5ddf819,
        type: 3}
      propertyPath: m_Name
      value: Placas
      objectReference: {fileID: 0}
    - target: {fileID: 2510848357313422151, guid: c43bfee24febc3f48a208e03f5ddf819,
        type: 3}
      propertyPath: m_LocalPosition.x
      value: 0
      objectReference: {fileID: 0}
    - target: {fileID: 2510848357313422151, guid: c43bfee24febc3f48a208e03f5ddf819,
        type: 3}
      propertyPath: m_LocalPosition.y
      value: 0
      objectReference: {fileID: 0}
    - target: {fileID: 2510848357313422151, guid: c43bfee24febc3f48a208e03f5ddf819,
        type: 3}
      propertyPath: m_LocalPosition.z
      value: 0
      objectReference: {fileID: 0}
    - target: {fileID: 2510848357313422151, guid: c43bfee24febc3f48a208e03f5ddf819,
        type: 3}
      propertyPath: m_LocalRotation.x
      value: -0
      objectReference: {fileID: 0}
    - target: {fileID: 2510848357313422151, guid: c43bfee24febc3f48a208e03f5ddf819,
        type: 3}
      propertyPath: m_LocalRotation.y
      value: -0
      objectReference: {fileID: 0}
    - target: {fileID: 2510848357313422151, guid: c43bfee24febc3f48a208e03f5ddf819,
        type: 3}
      propertyPath: m_LocalRotation.z
      value: -0
      objectReference: {fileID: 0}
    - target: {fileID: 2510848357313422151, guid: c43bfee24febc3f48a208e03f5ddf819,
        type: 3}
      propertyPath: m_LocalRotation.w
      value: 1
      objectReference: {fileID: 0}
    - target: {fileID: 2510848357313422151, guid: c43bfee24febc3f48a208e03f5ddf819,
        type: 3}
      propertyPath: m_RootOrder
      value: 1
      objectReference: {fileID: 0}
    - target: {fileID: 2510848357313422151, guid: c43bfee24febc3f48a208e03f5ddf819,
        type: 3}
      propertyPath: m_LocalEulerAnglesHint.x
      value: 0
      objectReference: {fileID: 0}
    - target: {fileID: 2510848357313422151, guid: c43bfee24febc3f48a208e03f5ddf819,
        type: 3}
      propertyPath: m_LocalEulerAnglesHint.y
      value: 0
      objectReference: {fileID: 0}
    - target: {fileID: 2510848357313422151, guid: c43bfee24febc3f48a208e03f5ddf819,
        type: 3}
      propertyPath: m_LocalEulerAnglesHint.z
      value: 0
      objectReference: {fileID: 0}
    m_RemovedComponents: []
  m_SourcePrefab: {fileID: 100100000, guid: c43bfee24febc3f48a208e03f5ddf819, type: 3}
--- !u!4 &9080109798824495832 stripped
Transform:
  m_CorrespondingSourceObject: {fileID: 2510848357313422151, guid: c43bfee24febc3f48a208e03f5ddf819,
    type: 3}
  m_PrefabInstance: {fileID: 6691034613658184095}
  m_PrefabAsset: {fileID: 0}
