%YAML 1.1
%TAG !u! tag:unity3d.com,2011:
--- !u!1 &1443833676344954612
GameObject:
  m_ObjectHideFlags: 0
  m_CorrespondingSourceObject: {fileID: 0}
  m_PrefabInstance: {fileID: 0}
  m_PrefabAsset: {fileID: 0}
  serializedVersion: 6
  m_Component:
  - component: {fileID: 1443833676344954614}
  - component: {fileID: 1443833676344954613}
  - component: {fileID: 3516609057872276788}
  m_Layer: 0
  m_Name: CityA
  m_TagString: Untagged
  m_Icon: {fileID: 0}
  m_NavMeshLayer: 0
  m_StaticEditorFlags: 0
  m_IsActive: 1
--- !u!4 &1443833676344954614
Transform:
  m_ObjectHideFlags: 0
  m_CorrespondingSourceObject: {fileID: 0}
  m_PrefabInstance: {fileID: 0}
  m_PrefabAsset: {fileID: 0}
  m_GameObject: {fileID: 1443833676344954612}
  m_LocalRotation: {x: 0, y: 0, z: 0, w: 1}
  m_LocalPosition: {x: 19.239, y: 15.996, z: 32.275734}
  m_LocalScale: {x: 0.7035, y: 0.7035, z: 0.7035}
  m_Children:
  - {fileID: 5869091753987068429}
  - {fileID: 5869091754473940992}
  m_Father: {fileID: 0}
  m_RootOrder: 0
  m_LocalEulerAnglesHint: {x: 0, y: 0, z: 0}
--- !u!114 &1443833676344954613
MonoBehaviour:
  m_ObjectHideFlags: 0
  m_CorrespondingSourceObject: {fileID: 0}
  m_PrefabInstance: {fileID: 0}
  m_PrefabAsset: {fileID: 0}
  m_GameObject: {fileID: 1443833676344954612}
  m_Enabled: 1
  m_EditorHideFlags: 0
  m_Script: {fileID: 11500000, guid: d4d958a8b1f8e4e4281cfb22eabdd168, type: 3}
  m_Name: 
  m_EditorClassIdentifier: 
  _animator:
  - {fileID: 4609768586389913463}
  - {fileID: 4609768588084200826}
  B: 0
  C: 0
  D: 0
--- !u!65 &3516609057872276788
BoxCollider:
  m_ObjectHideFlags: 0
  m_CorrespondingSourceObject: {fileID: 0}
  m_PrefabInstance: {fileID: 0}
  m_PrefabAsset: {fileID: 0}
  m_GameObject: {fileID: 1443833676344954612}
  m_Material: {fileID: 0}
  m_IsTrigger: 0
  m_Enabled: 1
  serializedVersion: 2
  m_Size: {x: 0.69, y: 1.4408885, z: 0.4}
  m_Center: {x: -0.044289697, y: 0.53874457, z: 0}
--- !u!1001 &1443833676575766807
PrefabInstance:
  m_ObjectHideFlags: 0
  serializedVersion: 2
  m_Modification:
    m_TransformParent: {fileID: 1443833676344954614}
    m_Modifications:
    - target: {fileID: -927199367670048503, guid: cf190f45d9df15f4a94485d8ef998dc2,
        type: 3}
      propertyPath: m_Name
      value: CityA
      objectReference: {fileID: 0}
    - target: {fileID: -6057140222963153312, guid: cf190f45d9df15f4a94485d8ef998dc2,
        type: 3}
      propertyPath: m_Controller
      value: 
      objectReference: {fileID: 9100000, guid: f33030ccb23356e43bb7181193ecb54e, type: 2}
    - target: {fileID: -4216859302048453862, guid: cf190f45d9df15f4a94485d8ef998dc2,
        type: 3}
      propertyPath: m_LocalPosition.x
      value: 0
      objectReference: {fileID: 0}
    - target: {fileID: -4216859302048453862, guid: cf190f45d9df15f4a94485d8ef998dc2,
        type: 3}
      propertyPath: m_LocalPosition.y
      value: 0
      objectReference: {fileID: 0}
    - target: {fileID: -4216859302048453862, guid: cf190f45d9df15f4a94485d8ef998dc2,
        type: 3}
      propertyPath: m_LocalPosition.z
      value: 0
      objectReference: {fileID: 0}
    - target: {fileID: -4216859302048453862, guid: cf190f45d9df15f4a94485d8ef998dc2,
        type: 3}
      propertyPath: m_LocalRotation.x
      value: -0
      objectReference: {fileID: 0}
    - target: {fileID: -4216859302048453862, guid: cf190f45d9df15f4a94485d8ef998dc2,
        type: 3}
      propertyPath: m_LocalRotation.y
      value: -0
      objectReference: {fileID: 0}
    - target: {fileID: -4216859302048453862, guid: cf190f45d9df15f4a94485d8ef998dc2,
        type: 3}
      propertyPath: m_LocalRotation.z
      value: -0
      objectReference: {fileID: 0}
    - target: {fileID: -4216859302048453862, guid: cf190f45d9df15f4a94485d8ef998dc2,
        type: 3}
      propertyPath: m_LocalRotation.w
      value: 1
      objectReference: {fileID: 0}
    - target: {fileID: -4216859302048453862, guid: cf190f45d9df15f4a94485d8ef998dc2,
        type: 3}
      propertyPath: m_RootOrder
      value: 0
      objectReference: {fileID: 0}
    - target: {fileID: -4216859302048453862, guid: cf190f45d9df15f4a94485d8ef998dc2,
        type: 3}
      propertyPath: m_LocalEulerAnglesHint.x
      value: 0
      objectReference: {fileID: 0}
    - target: {fileID: -4216859302048453862, guid: cf190f45d9df15f4a94485d8ef998dc2,
        type: 3}
      propertyPath: m_LocalEulerAnglesHint.y
      value: 0
      objectReference: {fileID: 0}
    - target: {fileID: -4216859302048453862, guid: cf190f45d9df15f4a94485d8ef998dc2,
        type: 3}
      propertyPath: m_LocalEulerAnglesHint.z
      value: 0
      objectReference: {fileID: 0}
    - target: {fileID: -8361076405327793604, guid: cf190f45d9df15f4a94485d8ef998dc2,
        type: 3}
      propertyPath: m_Materials.Array.data[0]
      value: 
      objectReference: {fileID: 2100000, guid: ab912edc541baa347bdbd270668f4215, type: 2}
    - target: {fileID: -2618319766874608926, guid: cf190f45d9df15f4a94485d8ef998dc2,
        type: 3}
      propertyPath: m_Materials.Array.data[0]
      value: 
      objectReference: {fileID: 2100000, guid: dbb114ea206bf714abc68fd320548e98, type: 2}
    - target: {fileID: -8520351005060889411, guid: cf190f45d9df15f4a94485d8ef998dc2,
        type: 3}
      propertyPath: m_LocalEulerAnglesHint.x
      value: -16.732792
      objectReference: {fileID: 0}
    - target: {fileID: -8520351005060889411, guid: cf190f45d9df15f4a94485d8ef998dc2,
        type: 3}
      propertyPath: m_LocalEulerAnglesHint.y
      value: -11.4571705
      objectReference: {fileID: 0}
    - target: {fileID: -8520351005060889411, guid: cf190f45d9df15f4a94485d8ef998dc2,
        type: 3}
      propertyPath: m_LocalEulerAnglesHint.z
      value: 10.50075
      objectReference: {fileID: 0}
    - target: {fileID: -7597426032139329959, guid: cf190f45d9df15f4a94485d8ef998dc2,
        type: 3}
      propertyPath: m_LocalEulerAnglesHint.x
      value: 32.216167
      objectReference: {fileID: 0}
    - target: {fileID: -7597426032139329959, guid: cf190f45d9df15f4a94485d8ef998dc2,
        type: 3}
      propertyPath: m_LocalEulerAnglesHint.y
      value: 17.6941
      objectReference: {fileID: 0}
    - target: {fileID: -7597426032139329959, guid: cf190f45d9df15f4a94485d8ef998dc2,
        type: 3}
      propertyPath: m_LocalEulerAnglesHint.z
      value: 1.6722006
      objectReference: {fileID: 0}
    - target: {fileID: -7592558355049508510, guid: cf190f45d9df15f4a94485d8ef998dc2,
        type: 3}
      propertyPath: m_LocalEulerAnglesHint.x
      value: 66.40755
      objectReference: {fileID: 0}
    - target: {fileID: -7592558355049508510, guid: cf190f45d9df15f4a94485d8ef998dc2,
        type: 3}
      propertyPath: m_LocalEulerAnglesHint.y
      value: 28.728943
      objectReference: {fileID: 0}
    - target: {fileID: -7592558355049508510, guid: cf190f45d9df15f4a94485d8ef998dc2,
        type: 3}
      propertyPath: m_LocalEulerAnglesHint.z
      value: 8.716859
      objectReference: {fileID: 0}
    - target: {fileID: -5420008163957686366, guid: cf190f45d9df15f4a94485d8ef998dc2,
        type: 3}
      propertyPath: m_LocalEulerAnglesHint.x
      value: 4.0590816
      objectReference: {fileID: 0}
    - target: {fileID: -5420008163957686366, guid: cf190f45d9df15f4a94485d8ef998dc2,
        type: 3}
      propertyPath: m_LocalEulerAnglesHint.y
      value: -15.80508
      objectReference: {fileID: 0}
    - target: {fileID: -5420008163957686366, guid: cf190f45d9df15f4a94485d8ef998dc2,
        type: 3}
      propertyPath: m_LocalEulerAnglesHint.z
      value: -2.5040047
      objectReference: {fileID: 0}
    - target: {fileID: -4431429744085825124, guid: cf190f45d9df15f4a94485d8ef998dc2,
        type: 3}
      propertyPath: m_LocalEulerAnglesHint.x
      value: -2.7374868
      objectReference: {fileID: 0}
    - target: {fileID: -4431429744085825124, guid: cf190f45d9df15f4a94485d8ef998dc2,
        type: 3}
      propertyPath: m_LocalEulerAnglesHint.y
      value: 5.1967926
      objectReference: {fileID: 0}
    - target: {fileID: -4431429744085825124, guid: cf190f45d9df15f4a94485d8ef998dc2,
        type: 3}
      propertyPath: m_LocalEulerAnglesHint.z
      value: 4.5080414
      objectReference: {fileID: 0}
    - target: {fileID: -3220319501169496967, guid: cf190f45d9df15f4a94485d8ef998dc2,
        type: 3}
      propertyPath: m_LocalEulerAnglesHint.x
      value: 0.14857966
      objectReference: {fileID: 0}
    - target: {fileID: -3220319501169496967, guid: cf190f45d9df15f4a94485d8ef998dc2,
        type: 3}
      propertyPath: m_LocalEulerAnglesHint.y
      value: 17.146465
      objectReference: {fileID: 0}
    - target: {fileID: -3220319501169496967, guid: cf190f45d9df15f4a94485d8ef998dc2,
        type: 3}
      propertyPath: m_LocalEulerAnglesHint.z
      value: -3.1991508
      objectReference: {fileID: 0}
    - target: {fileID: -3167575404677891443, guid: cf190f45d9df15f4a94485d8ef998dc2,
        type: 3}
      propertyPath: m_LocalEulerAnglesHint.x
      value: 8.423024
      objectReference: {fileID: 0}
    - target: {fileID: -3167575404677891443, guid: cf190f45d9df15f4a94485d8ef998dc2,
        type: 3}
      propertyPath: m_LocalEulerAnglesHint.y
      value: 0.064921096
      objectReference: {fileID: 0}
    - target: {fileID: -3167575404677891443, guid: cf190f45d9df15f4a94485d8ef998dc2,
        type: 3}
      propertyPath: m_LocalEulerAnglesHint.z
      value: -0.23798472
      objectReference: {fileID: 0}
    - target: {fileID: -2729217777491114371, guid: cf190f45d9df15f4a94485d8ef998dc2,
        type: 3}
      propertyPath: m_LocalEulerAnglesHint.x
      value: 42.070633
      objectReference: {fileID: 0}
    - target: {fileID: -2729217777491114371, guid: cf190f45d9df15f4a94485d8ef998dc2,
        type: 3}
      propertyPath: m_LocalEulerAnglesHint.y
      value: 40.742786
      objectReference: {fileID: 0}
    - target: {fileID: -2729217777491114371, guid: cf190f45d9df15f4a94485d8ef998dc2,
        type: 3}
      propertyPath: m_LocalEulerAnglesHint.z
      value: 29.302532
      objectReference: {fileID: 0}
    - target: {fileID: -1232451692195220358, guid: cf190f45d9df15f4a94485d8ef998dc2,
        type: 3}
      propertyPath: m_LocalEulerAnglesHint.x
      value: 0.06531014
      objectReference: {fileID: 0}
    - target: {fileID: -1232451692195220358, guid: cf190f45d9df15f4a94485d8ef998dc2,
        type: 3}
      propertyPath: m_LocalEulerAnglesHint.y
      value: 0.15351681
      objectReference: {fileID: 0}
    - target: {fileID: -1232451692195220358, guid: cf190f45d9df15f4a94485d8ef998dc2,
        type: 3}
      propertyPath: m_LocalEulerAnglesHint.z
      value: -1.1789988
      objectReference: {fileID: 0}
    - target: {fileID: -681215969731513272, guid: cf190f45d9df15f4a94485d8ef998dc2,
        type: 3}
      propertyPath: m_LocalEulerAnglesHint.x
      value: 0.7617956
      objectReference: {fileID: 0}
    - target: {fileID: -681215969731513272, guid: cf190f45d9df15f4a94485d8ef998dc2,
        type: 3}
      propertyPath: m_LocalEulerAnglesHint.y
      value: -0.2942481
      objectReference: {fileID: 0}
    - target: {fileID: -681215969731513272, guid: cf190f45d9df15f4a94485d8ef998dc2,
        type: 3}
      propertyPath: m_LocalEulerAnglesHint.z
      value: -1.6113925
      objectReference: {fileID: 0}
    - target: {fileID: 1401826838451548927, guid: cf190f45d9df15f4a94485d8ef998dc2,
        type: 3}
      propertyPath: m_LocalEulerAnglesHint.x
      value: 63.585293
      objectReference: {fileID: 0}
    - target: {fileID: 1401826838451548927, guid: cf190f45d9df15f4a94485d8ef998dc2,
        type: 3}
      propertyPath: m_LocalEulerAnglesHint.y
      value: 109.058945
      objectReference: {fileID: 0}
    - target: {fileID: 1401826838451548927, guid: cf190f45d9df15f4a94485d8ef998dc2,
        type: 3}
      propertyPath: m_LocalEulerAnglesHint.z
      value: -177.33122
      objectReference: {fileID: 0}
    - target: {fileID: 2246940569206803994, guid: cf190f45d9df15f4a94485d8ef998dc2,
        type: 3}
      propertyPath: m_LocalEulerAnglesHint.x
      value: 61.380127
      objectReference: {fileID: 0}
    - target: {fileID: 2246940569206803994, guid: cf190f45d9df15f4a94485d8ef998dc2,
        type: 3}
      propertyPath: m_LocalEulerAnglesHint.y
      value: -107.02016
      objectReference: {fileID: 0}
    - target: {fileID: 2246940569206803994, guid: cf190f45d9df15f4a94485d8ef998dc2,
        type: 3}
      propertyPath: m_LocalEulerAnglesHint.z
      value: 176.91035
      objectReference: {fileID: 0}
    - target: {fileID: 2963660786538088476, guid: cf190f45d9df15f4a94485d8ef998dc2,
        type: 3}
      propertyPath: m_LocalEulerAnglesHint.x
      value: 65.63741
      objectReference: {fileID: 0}
    - target: {fileID: 2963660786538088476, guid: cf190f45d9df15f4a94485d8ef998dc2,
        type: 3}
      propertyPath: m_LocalEulerAnglesHint.y
      value: -32.31685
      objectReference: {fileID: 0}
    - target: {fileID: 2963660786538088476, guid: cf190f45d9df15f4a94485d8ef998dc2,
        type: 3}
      propertyPath: m_LocalEulerAnglesHint.z
      value: -7.730728
      objectReference: {fileID: 0}
    - target: {fileID: 2989701457832414701, guid: cf190f45d9df15f4a94485d8ef998dc2,
        type: 3}
      propertyPath: m_LocalEulerAnglesHint.x
      value: -7.397681
      objectReference: {fileID: 0}
    - target: {fileID: 2989701457832414701, guid: cf190f45d9df15f4a94485d8ef998dc2,
        type: 3}
      propertyPath: m_LocalEulerAnglesHint.y
      value: -1.1396998
      objectReference: {fileID: 0}
    - target: {fileID: 2989701457832414701, guid: cf190f45d9df15f4a94485d8ef998dc2,
        type: 3}
      propertyPath: m_LocalEulerAnglesHint.z
      value: 0.12559295
      objectReference: {fileID: 0}
    - target: {fileID: 4557921530803443061, guid: cf190f45d9df15f4a94485d8ef998dc2,
        type: 3}
      propertyPath: m_LocalEulerAnglesHint.x
      value: -16.063818
      objectReference: {fileID: 0}
    - target: {fileID: 4557921530803443061, guid: cf190f45d9df15f4a94485d8ef998dc2,
        type: 3}
      propertyPath: m_LocalEulerAnglesHint.y
      value: -13.451725
      objectReference: {fileID: 0}
    - target: {fileID: 4557921530803443061, guid: cf190f45d9df15f4a94485d8ef998dc2,
        type: 3}
      propertyPath: m_LocalEulerAnglesHint.z
      value: 171.76175
      objectReference: {fileID: 0}
    - target: {fileID: 4803256113787784250, guid: cf190f45d9df15f4a94485d8ef998dc2,
        type: 3}
      propertyPath: m_LocalEulerAnglesHint.x
      value: -0.12120748
      objectReference: {fileID: 0}
    - target: {fileID: 4803256113787784250, guid: cf190f45d9df15f4a94485d8ef998dc2,
        type: 3}
      propertyPath: m_LocalEulerAnglesHint.y
      value: -1.2378913
      objectReference: {fileID: 0}
    - target: {fileID: 4803256113787784250, guid: cf190f45d9df15f4a94485d8ef998dc2,
        type: 3}
      propertyPath: m_LocalEulerAnglesHint.z
      value: -3.7967603
      objectReference: {fileID: 0}
    - target: {fileID: 6473791464006618733, guid: cf190f45d9df15f4a94485d8ef998dc2,
        type: 3}
      propertyPath: m_LocalEulerAnglesHint.x
      value: 0.73561853
      objectReference: {fileID: 0}
    - target: {fileID: 6473791464006618733, guid: cf190f45d9df15f4a94485d8ef998dc2,
        type: 3}
      propertyPath: m_LocalEulerAnglesHint.y
      value: -0.33449706
      objectReference: {fileID: 0}
    - target: {fileID: 6473791464006618733, guid: cf190f45d9df15f4a94485d8ef998dc2,
        type: 3}
      propertyPath: m_LocalEulerAnglesHint.z
      value: -1.6089056
      objectReference: {fileID: 0}
    - target: {fileID: 6475341992876109301, guid: cf190f45d9df15f4a94485d8ef998dc2,
        type: 3}
      propertyPath: m_LocalEulerAnglesHint.x
      value: -26.722054
      objectReference: {fileID: 0}
    - target: {fileID: 6475341992876109301, guid: cf190f45d9df15f4a94485d8ef998dc2,
        type: 3}
      propertyPath: m_LocalEulerAnglesHint.y
      value: 4.716401
      objectReference: {fileID: 0}
    - target: {fileID: 6475341992876109301, guid: cf190f45d9df15f4a94485d8ef998dc2,
        type: 3}
      propertyPath: m_LocalEulerAnglesHint.z
      value: -8.845752
      objectReference: {fileID: 0}
    - target: {fileID: 7402050280959761381, guid: cf190f45d9df15f4a94485d8ef998dc2,
        type: 3}
      propertyPath: m_LocalEulerAnglesHint.x
      value: 0.45398128
      objectReference: {fileID: 0}
    - target: {fileID: 7402050280959761381, guid: cf190f45d9df15f4a94485d8ef998dc2,
        type: 3}
      propertyPath: m_LocalEulerAnglesHint.y
      value: -0.15671515
      objectReference: {fileID: 0}
    - target: {fileID: 7402050280959761381, guid: cf190f45d9df15f4a94485d8ef998dc2,
        type: 3}
      propertyPath: m_LocalEulerAnglesHint.z
      value: 7.825068
      objectReference: {fileID: 0}
    - target: {fileID: 7814502684447367421, guid: cf190f45d9df15f4a94485d8ef998dc2,
        type: 3}
      propertyPath: m_LocalEulerAnglesHint.x
      value: -6.7949877
      objectReference: {fileID: 0}
    - target: {fileID: 7814502684447367421, guid: cf190f45d9df15f4a94485d8ef998dc2,
        type: 3}
      propertyPath: m_LocalEulerAnglesHint.y
      value: 10.794914
      objectReference: {fileID: 0}
    - target: {fileID: 7814502684447367421, guid: cf190f45d9df15f4a94485d8ef998dc2,
        type: 3}
      propertyPath: m_LocalEulerAnglesHint.z
      value: 173.09477
      objectReference: {fileID: 0}
    - target: {fileID: 8529429290064647585, guid: cf190f45d9df15f4a94485d8ef998dc2,
        type: 3}
      propertyPath: m_LocalEulerAnglesHint.x
      value: 53.55945
      objectReference: {fileID: 0}
    - target: {fileID: 8529429290064647585, guid: cf190f45d9df15f4a94485d8ef998dc2,
        type: 3}
      propertyPath: m_LocalEulerAnglesHint.y
      value: -32.056255
      objectReference: {fileID: 0}
    - target: {fileID: 8529429290064647585, guid: cf190f45d9df15f4a94485d8ef998dc2,
        type: 3}
      propertyPath: m_LocalEulerAnglesHint.z
      value: -27.604147
      objectReference: {fileID: 0}
    - target: {fileID: 8989236291459428789, guid: cf190f45d9df15f4a94485d8ef998dc2,
        type: 3}
      propertyPath: m_LocalEulerAnglesHint.x
      value: 34.490612
      objectReference: {fileID: 0}
    - target: {fileID: 8989236291459428789, guid: cf190f45d9df15f4a94485d8ef998dc2,
        type: 3}
      propertyPath: m_LocalEulerAnglesHint.y
      value: -13.9987755
      objectReference: {fileID: 0}
    - target: {fileID: 8989236291459428789, guid: cf190f45d9df15f4a94485d8ef998dc2,
        type: 3}
      propertyPath: m_LocalEulerAnglesHint.z
      value: -2.6036398
      objectReference: {fileID: 0}
    m_RemovedComponents: []
  m_SourcePrefab: {fileID: 100100000, guid: cf190f45d9df15f4a94485d8ef998dc2, type: 3}
--- !u!4 &5869091753987068429 stripped
Transform:
  m_CorrespondingSourceObject: {fileID: -4216859302048453862, guid: cf190f45d9df15f4a94485d8ef998dc2,
    type: 3}
  m_PrefabInstance: {fileID: 1443833676575766807}
  m_PrefabAsset: {fileID: 0}
--- !u!95 &4609768586389913463 stripped
Animator:
  m_CorrespondingSourceObject: {fileID: -6057140222963153312, guid: cf190f45d9df15f4a94485d8ef998dc2,
    type: 3}
  m_PrefabInstance: {fileID: 1443833676575766807}
  m_PrefabAsset: {fileID: 0}
--- !u!1001 &1443833677028934426
PrefabInstance:
  m_ObjectHideFlags: 0
  serializedVersion: 2
  m_Modification:
    m_TransformParent: {fileID: 1443833676344954614}
    m_Modifications:
    - target: {fileID: -927199367670048503, guid: cf190f45d9df15f4a94485d8ef998dc2,
        type: 3}
      propertyPath: m_Name
      value: CityA (1)
      objectReference: {fileID: 0}
    - target: {fileID: -6057140222963153312, guid: cf190f45d9df15f4a94485d8ef998dc2,
        type: 3}
      propertyPath: m_Controller
      value: 
      objectReference: {fileID: 9100000, guid: f33030ccb23356e43bb7181193ecb54e, type: 2}
    - target: {fileID: -4216859302048453862, guid: cf190f45d9df15f4a94485d8ef998dc2,
        type: 3}
      propertyPath: m_LocalPosition.x
      value: 0
      objectReference: {fileID: 0}
    - target: {fileID: -4216859302048453862, guid: cf190f45d9df15f4a94485d8ef998dc2,
        type: 3}
      propertyPath: m_LocalPosition.y
      value: 0
      objectReference: {fileID: 0}
    - target: {fileID: -4216859302048453862, guid: cf190f45d9df15f4a94485d8ef998dc2,
        type: 3}
      propertyPath: m_LocalPosition.z
      value: 0
      objectReference: {fileID: 0}
    - target: {fileID: -4216859302048453862, guid: cf190f45d9df15f4a94485d8ef998dc2,
        type: 3}
      propertyPath: m_LocalRotation.x
      value: -0
      objectReference: {fileID: 0}
    - target: {fileID: -4216859302048453862, guid: cf190f45d9df15f4a94485d8ef998dc2,
        type: 3}
      propertyPath: m_LocalRotation.y
      value: -0
      objectReference: {fileID: 0}
    - target: {fileID: -4216859302048453862, guid: cf190f45d9df15f4a94485d8ef998dc2,
        type: 3}
      propertyPath: m_LocalRotation.z
      value: -0
      objectReference: {fileID: 0}
    - target: {fileID: -4216859302048453862, guid: cf190f45d9df15f4a94485d8ef998dc2,
        type: 3}
      propertyPath: m_LocalRotation.w
      value: 1
      objectReference: {fileID: 0}
    - target: {fileID: -4216859302048453862, guid: cf190f45d9df15f4a94485d8ef998dc2,
        type: 3}
      propertyPath: m_RootOrder
      value: 1
      objectReference: {fileID: 0}
    - target: {fileID: -4216859302048453862, guid: cf190f45d9df15f4a94485d8ef998dc2,
        type: 3}
      propertyPath: m_LocalEulerAnglesHint.x
      value: 0
      objectReference: {fileID: 0}
    - target: {fileID: -4216859302048453862, guid: cf190f45d9df15f4a94485d8ef998dc2,
        type: 3}
      propertyPath: m_LocalEulerAnglesHint.y
      value: 0
      objectReference: {fileID: 0}
    - target: {fileID: -4216859302048453862, guid: cf190f45d9df15f4a94485d8ef998dc2,
        type: 3}
      propertyPath: m_LocalEulerAnglesHint.z
      value: 0
      objectReference: {fileID: 0}
    - target: {fileID: -8361076405327793604, guid: cf190f45d9df15f4a94485d8ef998dc2,
        type: 3}
      propertyPath: m_Materials.Array.data[0]
      value: 
      objectReference: {fileID: 2100000, guid: 812c2d603bbc6a14db238fbfd410c2b8, type: 2}
    - target: {fileID: -2618319766874608926, guid: cf190f45d9df15f4a94485d8ef998dc2,
        type: 3}
      propertyPath: m_Materials.Array.data[0]
      value: 
      objectReference: {fileID: 2100000, guid: dbb114ea206bf714abc68fd320548e98, type: 2}
    m_RemovedComponents: []
  m_SourcePrefab: {fileID: 100100000, guid: cf190f45d9df15f4a94485d8ef998dc2, type: 3}
--- !u!4 &5869091754473940992 stripped
Transform:
  m_CorrespondingSourceObject: {fileID: -4216859302048453862, guid: cf190f45d9df15f4a94485d8ef998dc2,
    type: 3}
  m_PrefabInstance: {fileID: 1443833677028934426}
  m_PrefabAsset: {fileID: 0}
--- !u!95 &4609768588084200826 stripped
Animator:
  m_CorrespondingSourceObject: {fileID: -6057140222963153312, guid: cf190f45d9df15f4a94485d8ef998dc2,
    type: 3}
  m_PrefabInstance: {fileID: 1443833677028934426}
  m_PrefabAsset: {fileID: 0}
