%YAML 1.1
%TAG !u! tag:unity3d.com,2011:
--- !u!1 &3338829905946490348
GameObject:
  m_ObjectHideFlags: 0
  m_CorrespondingSourceObject: {fileID: 0}
  m_PrefabInstance: {fileID: 0}
  m_PrefabAsset: {fileID: 0}
  serializedVersion: 6
  m_Component:
  - component: {fileID: 3338829905946490351}
  - component: {fileID: 3338829905946490350}
  - component: {fileID: 4139276803296810965}
  m_Layer: 0
  m_Name: CityC
  m_TagString: Untagged
  m_Icon: {fileID: 0}
  m_NavMeshLayer: 0
  m_StaticEditorFlags: 0
  m_IsActive: 1
--- !u!4 &3338829905946490351
Transform:
  m_ObjectHideFlags: 0
  m_CorrespondingSourceObject: {fileID: 0}
  m_PrefabInstance: {fileID: 0}
  m_PrefabAsset: {fileID: 0}
  m_GameObject: {fileID: 3338829905946490348}
  m_LocalRotation: {x: 0, y: 0, z: 0, w: 1}
  m_LocalPosition: {x: 18.988, y: 15.99, z: 32.397}
  m_LocalScale: {x: 0.6990131, y: 0.6990131, z: 0.6990131}
  m_Children:
  - {fileID: 7723493946578092308}
  - {fileID: 7723493945889077649}
  m_Father: {fileID: 0}
  m_RootOrder: 0
  m_LocalEulerAnglesHint: {x: 0, y: 0, z: 0}
--- !u!114 &3338829905946490350
MonoBehaviour:
  m_ObjectHideFlags: 0
  m_CorrespondingSourceObject: {fileID: 0}
  m_PrefabInstance: {fileID: 0}
  m_PrefabAsset: {fileID: 0}
  m_GameObject: {fileID: 3338829905946490348}
  m_Enabled: 1
  m_EditorHideFlags: 0
  m_Script: {fileID: 11500000, guid: d4d958a8b1f8e4e4281cfb22eabdd168, type: 3}
  m_Name: 
  m_EditorClassIdentifier: 
  _animator:
  - {fileID: 406835878581660782}
  - {fileID: 406835876615525611}
  B: 0
  C: 1
  D: 0
--- !u!65 &4139276803296810965
BoxCollider:
  m_ObjectHideFlags: 0
  m_CorrespondingSourceObject: {fileID: 0}
  m_PrefabInstance: {fileID: 0}
  m_PrefabAsset: {fileID: 0}
  m_GameObject: {fileID: 3338829905946490348}
  m_Material: {fileID: 0}
  m_IsTrigger: 0
  m_Enabled: 1
  serializedVersion: 2
  m_Size: {x: 0.53, y: 1.7223136, z: 0.43}
  m_Center: {x: -0.03194215, y: 0.6982507, z: 0.06}
--- !u!1001 &3338829906460054155
PrefabInstance:
  m_ObjectHideFlags: 0
  serializedVersion: 2
  m_Modification:
    m_TransformParent: {fileID: 3338829905946490351}
    m_Modifications:
    - target: {fileID: -927199367670048503, guid: 53161f6da831bf74aa57a1cb67c57116,
        type: 3}
      propertyPath: m_Name
      value: CityC (1)
      objectReference: {fileID: 0}
    - target: {fileID: -6057140222963153312, guid: 53161f6da831bf74aa57a1cb67c57116,
        type: 3}
      propertyPath: m_Controller
      value: 
      objectReference: {fileID: 9100000, guid: f33030ccb23356e43bb7181193ecb54e, type: 2}
    - target: {fileID: -4216859302048453862, guid: 53161f6da831bf74aa57a1cb67c57116,
        type: 3}
      propertyPath: m_LocalPosition.x
      value: 0
      objectReference: {fileID: 0}
    - target: {fileID: -4216859302048453862, guid: 53161f6da831bf74aa57a1cb67c57116,
        type: 3}
      propertyPath: m_LocalPosition.y
      value: 0
      objectReference: {fileID: 0}
    - target: {fileID: -4216859302048453862, guid: 53161f6da831bf74aa57a1cb67c57116,
        type: 3}
      propertyPath: m_LocalPosition.z
      value: 0
      objectReference: {fileID: 0}
    - target: {fileID: -4216859302048453862, guid: 53161f6da831bf74aa57a1cb67c57116,
        type: 3}
      propertyPath: m_LocalRotation.x
      value: -0
      objectReference: {fileID: 0}
    - target: {fileID: -4216859302048453862, guid: 53161f6da831bf74aa57a1cb67c57116,
        type: 3}
      propertyPath: m_LocalRotation.y
      value: -0
      objectReference: {fileID: 0}
    - target: {fileID: -4216859302048453862, guid: 53161f6da831bf74aa57a1cb67c57116,
        type: 3}
      propertyPath: m_LocalRotation.z
      value: -0
      objectReference: {fileID: 0}
    - target: {fileID: -4216859302048453862, guid: 53161f6da831bf74aa57a1cb67c57116,
        type: 3}
      propertyPath: m_LocalRotation.w
      value: 1
      objectReference: {fileID: 0}
    - target: {fileID: -4216859302048453862, guid: 53161f6da831bf74aa57a1cb67c57116,
        type: 3}
      propertyPath: m_RootOrder
      value: 1
      objectReference: {fileID: 0}
    - target: {fileID: -4216859302048453862, guid: 53161f6da831bf74aa57a1cb67c57116,
        type: 3}
      propertyPath: m_LocalEulerAnglesHint.x
      value: 0
      objectReference: {fileID: 0}
    - target: {fileID: -4216859302048453862, guid: 53161f6da831bf74aa57a1cb67c57116,
        type: 3}
      propertyPath: m_LocalEulerAnglesHint.y
      value: 0
      objectReference: {fileID: 0}
    - target: {fileID: -4216859302048453862, guid: 53161f6da831bf74aa57a1cb67c57116,
        type: 3}
      propertyPath: m_LocalEulerAnglesHint.z
      value: 0
      objectReference: {fileID: 0}
    - target: {fileID: -9147868553947026619, guid: 53161f6da831bf74aa57a1cb67c57116,
        type: 3}
      propertyPath: m_LocalEulerAnglesHint.x
      value: 29.395384
      objectReference: {fileID: 0}
    - target: {fileID: -9147868553947026619, guid: 53161f6da831bf74aa57a1cb67c57116,
        type: 3}
      propertyPath: m_LocalEulerAnglesHint.y
      value: -4.906532
      objectReference: {fileID: 0}
    - target: {fileID: -9147868553947026619, guid: 53161f6da831bf74aa57a1cb67c57116,
        type: 3}
      propertyPath: m_LocalEulerAnglesHint.z
      value: -6.0798135
      objectReference: {fileID: 0}
    - target: {fileID: -9064325173771588411, guid: 53161f6da831bf74aa57a1cb67c57116,
        type: 3}
      propertyPath: m_LocalEulerAnglesHint.x
      value: 22.44454
      objectReference: {fileID: 0}
    - target: {fileID: -9064325173771588411, guid: 53161f6da831bf74aa57a1cb67c57116,
        type: 3}
      propertyPath: m_LocalEulerAnglesHint.y
      value: 1.3736197
      objectReference: {fileID: 0}
    - target: {fileID: -9064325173771588411, guid: 53161f6da831bf74aa57a1cb67c57116,
        type: 3}
      propertyPath: m_LocalEulerAnglesHint.z
      value: 1.150305
      objectReference: {fileID: 0}
    - target: {fileID: -8847647782281173077, guid: 53161f6da831bf74aa57a1cb67c57116,
        type: 3}
      propertyPath: m_LocalEulerAnglesHint.x
      value: 14.555313
      objectReference: {fileID: 0}
    - target: {fileID: -8847647782281173077, guid: 53161f6da831bf74aa57a1cb67c57116,
        type: 3}
      propertyPath: m_LocalEulerAnglesHint.y
      value: 1.0441302
      objectReference: {fileID: 0}
    - target: {fileID: -8847647782281173077, guid: 53161f6da831bf74aa57a1cb67c57116,
        type: 3}
      propertyPath: m_LocalEulerAnglesHint.z
      value: 3.8948512
      objectReference: {fileID: 0}
    - target: {fileID: -8757011230347164249, guid: 53161f6da831bf74aa57a1cb67c57116,
        type: 3}
      propertyPath: m_LocalEulerAnglesHint.x
      value: 11.634954
      objectReference: {fileID: 0}
    - target: {fileID: -8757011230347164249, guid: 53161f6da831bf74aa57a1cb67c57116,
        type: 3}
      propertyPath: m_LocalEulerAnglesHint.y
      value: -0.14826745
      objectReference: {fileID: 0}
    - target: {fileID: -8757011230347164249, guid: 53161f6da831bf74aa57a1cb67c57116,
        type: 3}
      propertyPath: m_LocalEulerAnglesHint.z
      value: -1.470613
      objectReference: {fileID: 0}
    - target: {fileID: -8520351005060889411, guid: 53161f6da831bf74aa57a1cb67c57116,
        type: 3}
      propertyPath: m_LocalEulerAnglesHint.x
      value: -18.409283
      objectReference: {fileID: 0}
    - target: {fileID: -8520351005060889411, guid: 53161f6da831bf74aa57a1cb67c57116,
        type: 3}
      propertyPath: m_LocalEulerAnglesHint.y
      value: -6.286645
      objectReference: {fileID: 0}
    - target: {fileID: -8520351005060889411, guid: 53161f6da831bf74aa57a1cb67c57116,
        type: 3}
      propertyPath: m_LocalEulerAnglesHint.z
      value: -1.0997576
      objectReference: {fileID: 0}
    - target: {fileID: -8174010022519288266, guid: 53161f6da831bf74aa57a1cb67c57116,
        type: 3}
      propertyPath: m_LocalEulerAnglesHint.x
      value: -3.0682523
      objectReference: {fileID: 0}
    - target: {fileID: -8174010022519288266, guid: 53161f6da831bf74aa57a1cb67c57116,
        type: 3}
      propertyPath: m_LocalEulerAnglesHint.y
      value: -3.7808528
      objectReference: {fileID: 0}
    - target: {fileID: -8174010022519288266, guid: 53161f6da831bf74aa57a1cb67c57116,
        type: 3}
      propertyPath: m_LocalEulerAnglesHint.z
      value: -26.94778
      objectReference: {fileID: 0}
    - target: {fileID: -8041784574630284323, guid: 53161f6da831bf74aa57a1cb67c57116,
        type: 3}
      propertyPath: m_LocalEulerAnglesHint.x
      value: 10.276047
      objectReference: {fileID: 0}
    - target: {fileID: -8041784574630284323, guid: 53161f6da831bf74aa57a1cb67c57116,
        type: 3}
      propertyPath: m_LocalEulerAnglesHint.y
      value: -7.809549
      objectReference: {fileID: 0}
    - target: {fileID: -8041784574630284323, guid: 53161f6da831bf74aa57a1cb67c57116,
        type: 3}
      propertyPath: m_LocalEulerAnglesHint.z
      value: -22.310196
      objectReference: {fileID: 0}
    - target: {fileID: -7980375734921172826, guid: 53161f6da831bf74aa57a1cb67c57116,
        type: 3}
      propertyPath: m_LocalEulerAnglesHint.x
      value: 12.934862
      objectReference: {fileID: 0}
    - target: {fileID: -7980375734921172826, guid: 53161f6da831bf74aa57a1cb67c57116,
        type: 3}
      propertyPath: m_LocalEulerAnglesHint.y
      value: -0.8859964
      objectReference: {fileID: 0}
    - target: {fileID: -7980375734921172826, guid: 53161f6da831bf74aa57a1cb67c57116,
        type: 3}
      propertyPath: m_LocalEulerAnglesHint.z
      value: -4.337597
      objectReference: {fileID: 0}
    - target: {fileID: -7597426032139329959, guid: 53161f6da831bf74aa57a1cb67c57116,
        type: 3}
      propertyPath: m_LocalEulerAnglesHint.x
      value: 26.847706
      objectReference: {fileID: 0}
    - target: {fileID: -7597426032139329959, guid: 53161f6da831bf74aa57a1cb67c57116,
        type: 3}
      propertyPath: m_LocalEulerAnglesHint.y
      value: -1.2437167
      objectReference: {fileID: 0}
    - target: {fileID: -7597426032139329959, guid: 53161f6da831bf74aa57a1cb67c57116,
        type: 3}
      propertyPath: m_LocalEulerAnglesHint.z
      value: -0.11860724
      objectReference: {fileID: 0}
    - target: {fileID: -7592558355049508510, guid: 53161f6da831bf74aa57a1cb67c57116,
        type: 3}
      propertyPath: m_LocalEulerAnglesHint.x
      value: 74.615364
      objectReference: {fileID: 0}
    - target: {fileID: -7592558355049508510, guid: 53161f6da831bf74aa57a1cb67c57116,
        type: 3}
      propertyPath: m_LocalEulerAnglesHint.y
      value: 62.80136
      objectReference: {fileID: 0}
    - target: {fileID: -7592558355049508510, guid: 53161f6da831bf74aa57a1cb67c57116,
        type: 3}
      propertyPath: m_LocalEulerAnglesHint.z
      value: 40.030277
      objectReference: {fileID: 0}
    - target: {fileID: -5696235270323981043, guid: 53161f6da831bf74aa57a1cb67c57116,
        type: 3}
      propertyPath: m_LocalEulerAnglesHint.x
      value: 21.566412
      objectReference: {fileID: 0}
    - target: {fileID: -5696235270323981043, guid: 53161f6da831bf74aa57a1cb67c57116,
        type: 3}
      propertyPath: m_LocalEulerAnglesHint.y
      value: 0.6198119
      objectReference: {fileID: 0}
    - target: {fileID: -5696235270323981043, guid: 53161f6da831bf74aa57a1cb67c57116,
        type: 3}
      propertyPath: m_LocalEulerAnglesHint.z
      value: 3.2286267
      objectReference: {fileID: 0}
    - target: {fileID: -5420008163957686366, guid: 53161f6da831bf74aa57a1cb67c57116,
        type: 3}
      propertyPath: m_LocalEulerAnglesHint.x
      value: 0.32029903
      objectReference: {fileID: 0}
    - target: {fileID: -5420008163957686366, guid: 53161f6da831bf74aa57a1cb67c57116,
        type: 3}
      propertyPath: m_LocalEulerAnglesHint.y
      value: -12.307127
      objectReference: {fileID: 0}
    - target: {fileID: -5420008163957686366, guid: 53161f6da831bf74aa57a1cb67c57116,
        type: 3}
      propertyPath: m_LocalEulerAnglesHint.z
      value: -3.5061746
      objectReference: {fileID: 0}
    - target: {fileID: -4749817584017886579, guid: 53161f6da831bf74aa57a1cb67c57116,
        type: 3}
      propertyPath: m_LocalEulerAnglesHint.x
      value: 20.521442
      objectReference: {fileID: 0}
    - target: {fileID: -4749817584017886579, guid: 53161f6da831bf74aa57a1cb67c57116,
        type: 3}
      propertyPath: m_LocalEulerAnglesHint.y
      value: -13.266925
      objectReference: {fileID: 0}
    - target: {fileID: -4749817584017886579, guid: 53161f6da831bf74aa57a1cb67c57116,
        type: 3}
      propertyPath: m_LocalEulerAnglesHint.z
      value: -7.568272
      objectReference: {fileID: 0}
    - target: {fileID: -4431429744085825124, guid: 53161f6da831bf74aa57a1cb67c57116,
        type: 3}
      propertyPath: m_LocalEulerAnglesHint.x
      value: -2.940034
      objectReference: {fileID: 0}
    - target: {fileID: -4431429744085825124, guid: 53161f6da831bf74aa57a1cb67c57116,
        type: 3}
      propertyPath: m_LocalEulerAnglesHint.y
      value: 2.3319864
      objectReference: {fileID: 0}
    - target: {fileID: -4431429744085825124, guid: 53161f6da831bf74aa57a1cb67c57116,
        type: 3}
      propertyPath: m_LocalEulerAnglesHint.z
      value: 9.194225
      objectReference: {fileID: 0}
    - target: {fileID: -4212916686629878199, guid: 53161f6da831bf74aa57a1cb67c57116,
        type: 3}
      propertyPath: m_LocalEulerAnglesHint.x
      value: 27.803787
      objectReference: {fileID: 0}
    - target: {fileID: -4212916686629878199, guid: 53161f6da831bf74aa57a1cb67c57116,
        type: 3}
      propertyPath: m_LocalEulerAnglesHint.y
      value: 1.074329
      objectReference: {fileID: 0}
    - target: {fileID: -4212916686629878199, guid: 53161f6da831bf74aa57a1cb67c57116,
        type: 3}
      propertyPath: m_LocalEulerAnglesHint.z
      value: 4.325372
      objectReference: {fileID: 0}
    - target: {fileID: -4102845877142942862, guid: 53161f6da831bf74aa57a1cb67c57116,
        type: 3}
      propertyPath: m_Materials.Array.data[0]
      value: 
      objectReference: {fileID: 2100000, guid: 812c2d603bbc6a14db238fbfd410c2b8, type: 2}
    - target: {fileID: -3818628978618513673, guid: 53161f6da831bf74aa57a1cb67c57116,
        type: 3}
      propertyPath: m_LocalEulerAnglesHint.x
      value: 1.2892723
      objectReference: {fileID: 0}
    - target: {fileID: -3818628978618513673, guid: 53161f6da831bf74aa57a1cb67c57116,
        type: 3}
      propertyPath: m_LocalEulerAnglesHint.y
      value: 0.26582125
      objectReference: {fileID: 0}
    - target: {fileID: -3818628978618513673, guid: 53161f6da831bf74aa57a1cb67c57116,
        type: 3}
      propertyPath: m_LocalEulerAnglesHint.z
      value: 12.550273
      objectReference: {fileID: 0}
    - target: {fileID: -3220319501169496967, guid: 53161f6da831bf74aa57a1cb67c57116,
        type: 3}
      propertyPath: m_LocalEulerAnglesHint.x
      value: -0.6559143
      objectReference: {fileID: 0}
    - target: {fileID: -3220319501169496967, guid: 53161f6da831bf74aa57a1cb67c57116,
        type: 3}
      propertyPath: m_LocalEulerAnglesHint.y
      value: 16.737856
      objectReference: {fileID: 0}
    - target: {fileID: -3220319501169496967, guid: 53161f6da831bf74aa57a1cb67c57116,
        type: 3}
      propertyPath: m_LocalEulerAnglesHint.z
      value: -3.3979137
      objectReference: {fileID: 0}
    - target: {fileID: -3167575404677891443, guid: 53161f6da831bf74aa57a1cb67c57116,
        type: 3}
      propertyPath: m_LocalEulerAnglesHint.x
      value: 5.795635
      objectReference: {fileID: 0}
    - target: {fileID: -3167575404677891443, guid: 53161f6da831bf74aa57a1cb67c57116,
        type: 3}
      propertyPath: m_LocalEulerAnglesHint.y
      value: 0.10647394
      objectReference: {fileID: 0}
    - target: {fileID: -3167575404677891443, guid: 53161f6da831bf74aa57a1cb67c57116,
        type: 3}
      propertyPath: m_LocalEulerAnglesHint.z
      value: 6.427868
      objectReference: {fileID: 0}
    - target: {fileID: -2729217777491114371, guid: 53161f6da831bf74aa57a1cb67c57116,
        type: 3}
      propertyPath: m_LocalEulerAnglesHint.x
      value: 69.32402
      objectReference: {fileID: 0}
    - target: {fileID: -2729217777491114371, guid: 53161f6da831bf74aa57a1cb67c57116,
        type: 3}
      propertyPath: m_LocalEulerAnglesHint.y
      value: 8.218411
      objectReference: {fileID: 0}
    - target: {fileID: -2729217777491114371, guid: 53161f6da831bf74aa57a1cb67c57116,
        type: 3}
      propertyPath: m_LocalEulerAnglesHint.z
      value: -6.1410627
      objectReference: {fileID: 0}
    - target: {fileID: -1232451692195220358, guid: 53161f6da831bf74aa57a1cb67c57116,
        type: 3}
      propertyPath: m_LocalEulerAnglesHint.x
      value: 0.031774774
      objectReference: {fileID: 0}
    - target: {fileID: -1232451692195220358, guid: 53161f6da831bf74aa57a1cb67c57116,
        type: 3}
      propertyPath: m_LocalEulerAnglesHint.y
      value: 0.0006831254
      objectReference: {fileID: 0}
    - target: {fileID: -1232451692195220358, guid: 53161f6da831bf74aa57a1cb67c57116,
        type: 3}
      propertyPath: m_LocalEulerAnglesHint.z
      value: -20.955963
      objectReference: {fileID: 0}
    - target: {fileID: -790435773315590083, guid: 53161f6da831bf74aa57a1cb67c57116,
        type: 3}
      propertyPath: m_LocalEulerAnglesHint.x
      value: 17.536335
      objectReference: {fileID: 0}
    - target: {fileID: -790435773315590083, guid: 53161f6da831bf74aa57a1cb67c57116,
        type: 3}
      propertyPath: m_LocalEulerAnglesHint.y
      value: 0.38903314
      objectReference: {fileID: 0}
    - target: {fileID: -790435773315590083, guid: 53161f6da831bf74aa57a1cb67c57116,
        type: 3}
      propertyPath: m_LocalEulerAnglesHint.z
      value: 2.5214534
      objectReference: {fileID: 0}
    - target: {fileID: -681215969731513272, guid: 53161f6da831bf74aa57a1cb67c57116,
        type: 3}
      propertyPath: m_LocalEulerAnglesHint.x
      value: -3.3818235
      objectReference: {fileID: 0}
    - target: {fileID: -681215969731513272, guid: 53161f6da831bf74aa57a1cb67c57116,
        type: 3}
      propertyPath: m_LocalEulerAnglesHint.y
      value: 1.284501
      objectReference: {fileID: 0}
    - target: {fileID: -681215969731513272, guid: 53161f6da831bf74aa57a1cb67c57116,
        type: 3}
      propertyPath: m_LocalEulerAnglesHint.z
      value: -2.3226907
      objectReference: {fileID: 0}
    - target: {fileID: -463995517713469628, guid: 53161f6da831bf74aa57a1cb67c57116,
        type: 3}
      propertyPath: m_LocalEulerAnglesHint.x
      value: 21.41526
      objectReference: {fileID: 0}
    - target: {fileID: -463995517713469628, guid: 53161f6da831bf74aa57a1cb67c57116,
        type: 3}
      propertyPath: m_LocalEulerAnglesHint.y
      value: 1.2260469
      objectReference: {fileID: 0}
    - target: {fileID: -463995517713469628, guid: 53161f6da831bf74aa57a1cb67c57116,
        type: 3}
      propertyPath: m_LocalEulerAnglesHint.z
      value: 2.5538125
      objectReference: {fileID: 0}
    - target: {fileID: 439242457747655436, guid: 53161f6da831bf74aa57a1cb67c57116,
        type: 3}
      propertyPath: m_LocalEulerAnglesHint.x
      value: 13.179087
      objectReference: {fileID: 0}
    - target: {fileID: 439242457747655436, guid: 53161f6da831bf74aa57a1cb67c57116,
        type: 3}
      propertyPath: m_LocalEulerAnglesHint.y
      value: -0.18898492
      objectReference: {fileID: 0}
    - target: {fileID: 439242457747655436, guid: 53161f6da831bf74aa57a1cb67c57116,
        type: 3}
      propertyPath: m_LocalEulerAnglesHint.z
      value: -1.6318122
      objectReference: {fileID: 0}
    - target: {fileID: 1325131568597127023, guid: 53161f6da831bf74aa57a1cb67c57116,
        type: 3}
      propertyPath: m_LocalEulerAnglesHint.x
      value: 6.4974427
      objectReference: {fileID: 0}
    - target: {fileID: 1325131568597127023, guid: 53161f6da831bf74aa57a1cb67c57116,
        type: 3}
      propertyPath: m_LocalEulerAnglesHint.y
      value: -0.5461067
      objectReference: {fileID: 0}
    - target: {fileID: 1325131568597127023, guid: 53161f6da831bf74aa57a1cb67c57116,
        type: 3}
      propertyPath: m_LocalEulerAnglesHint.z
      value: -5.031733
      objectReference: {fileID: 0}
    - target: {fileID: 1401826838451548927, guid: 53161f6da831bf74aa57a1cb67c57116,
        type: 3}
      propertyPath: m_LocalEulerAnglesHint.x
      value: 82.05581
      objectReference: {fileID: 0}
    - target: {fileID: 1401826838451548927, guid: 53161f6da831bf74aa57a1cb67c57116,
        type: 3}
      propertyPath: m_LocalEulerAnglesHint.y
      value: 97.767624
      objectReference: {fileID: 0}
    - target: {fileID: 1401826838451548927, guid: 53161f6da831bf74aa57a1cb67c57116,
        type: 3}
      propertyPath: m_LocalEulerAnglesHint.z
      value: -175.18498
      objectReference: {fileID: 0}
    - target: {fileID: 1867641104906422221, guid: 53161f6da831bf74aa57a1cb67c57116,
        type: 3}
      propertyPath: m_Materials.Array.data[0]
      value: 
      objectReference: {fileID: 2100000, guid: dbb114ea206bf714abc68fd320548e98, type: 2}
    - target: {fileID: 1912126175820078846, guid: 53161f6da831bf74aa57a1cb67c57116,
        type: 3}
      propertyPath: m_LocalEulerAnglesHint.x
      value: 16.425762
      objectReference: {fileID: 0}
    - target: {fileID: 1912126175820078846, guid: 53161f6da831bf74aa57a1cb67c57116,
        type: 3}
      propertyPath: m_LocalEulerAnglesHint.y
      value: 0.34678993
      objectReference: {fileID: 0}
    - target: {fileID: 1912126175820078846, guid: 53161f6da831bf74aa57a1cb67c57116,
        type: 3}
      propertyPath: m_LocalEulerAnglesHint.z
      value: 2.4173696
      objectReference: {fileID: 0}
    - target: {fileID: 2246940569206803994, guid: 53161f6da831bf74aa57a1cb67c57116,
        type: 3}
      propertyPath: m_LocalEulerAnglesHint.x
      value: 82.13991
      objectReference: {fileID: 0}
    - target: {fileID: 2246940569206803994, guid: 53161f6da831bf74aa57a1cb67c57116,
        type: 3}
      propertyPath: m_LocalEulerAnglesHint.y
      value: -94.07426
      objectReference: {fileID: 0}
    - target: {fileID: 2246940569206803994, guid: 53161f6da831bf74aa57a1cb67c57116,
        type: 3}
      propertyPath: m_LocalEulerAnglesHint.z
      value: 177.16833
      objectReference: {fileID: 0}
    - target: {fileID: 2742993185680709401, guid: 53161f6da831bf74aa57a1cb67c57116,
        type: 3}
      propertyPath: m_LocalEulerAnglesHint.x
      value: 0.88726133
      objectReference: {fileID: 0}
    - target: {fileID: 2742993185680709401, guid: 53161f6da831bf74aa57a1cb67c57116,
        type: 3}
      propertyPath: m_LocalEulerAnglesHint.y
      value: 0.005455263
      objectReference: {fileID: 0}
    - target: {fileID: 2742993185680709401, guid: 53161f6da831bf74aa57a1cb67c57116,
        type: 3}
      propertyPath: m_LocalEulerAnglesHint.z
      value: 12.149122
      objectReference: {fileID: 0}
    - target: {fileID: 2946212468447715126, guid: 53161f6da831bf74aa57a1cb67c57116,
        type: 3}
      propertyPath: m_LocalEulerAnglesHint.x
      value: 16.405157
      objectReference: {fileID: 0}
    - target: {fileID: 2946212468447715126, guid: 53161f6da831bf74aa57a1cb67c57116,
        type: 3}
      propertyPath: m_LocalEulerAnglesHint.y
      value: 0.693309
      objectReference: {fileID: 0}
    - target: {fileID: 2946212468447715126, guid: 53161f6da831bf74aa57a1cb67c57116,
        type: 3}
      propertyPath: m_LocalEulerAnglesHint.z
      value: 2.663876
      objectReference: {fileID: 0}
    - target: {fileID: 2963660786538088476, guid: 53161f6da831bf74aa57a1cb67c57116,
        type: 3}
      propertyPath: m_LocalEulerAnglesHint.x
      value: 74.33693
      objectReference: {fileID: 0}
    - target: {fileID: 2963660786538088476, guid: 53161f6da831bf74aa57a1cb67c57116,
        type: 3}
      propertyPath: m_LocalEulerAnglesHint.y
      value: -31.678331
      objectReference: {fileID: 0}
    - target: {fileID: 2963660786538088476, guid: 53161f6da831bf74aa57a1cb67c57116,
        type: 3}
      propertyPath: m_LocalEulerAnglesHint.z
      value: -10.442509
      objectReference: {fileID: 0}
    - target: {fileID: 2989701457832414701, guid: 53161f6da831bf74aa57a1cb67c57116,
        type: 3}
      propertyPath: m_LocalEulerAnglesHint.x
      value: -6.2502337
      objectReference: {fileID: 0}
    - target: {fileID: 2989701457832414701, guid: 53161f6da831bf74aa57a1cb67c57116,
        type: 3}
      propertyPath: m_LocalEulerAnglesHint.y
      value: 0.5191457
      objectReference: {fileID: 0}
    - target: {fileID: 2989701457832414701, guid: 53161f6da831bf74aa57a1cb67c57116,
        type: 3}
      propertyPath: m_LocalEulerAnglesHint.z
      value: -0.11599314
      objectReference: {fileID: 0}
    - target: {fileID: 3373197664844238778, guid: 53161f6da831bf74aa57a1cb67c57116,
        type: 3}
      propertyPath: m_LocalEulerAnglesHint.x
      value: 9.224233
      objectReference: {fileID: 0}
    - target: {fileID: 3373197664844238778, guid: 53161f6da831bf74aa57a1cb67c57116,
        type: 3}
      propertyPath: m_LocalEulerAnglesHint.y
      value: 8.899294
      objectReference: {fileID: 0}
    - target: {fileID: 3373197664844238778, guid: 53161f6da831bf74aa57a1cb67c57116,
        type: 3}
      propertyPath: m_LocalEulerAnglesHint.z
      value: 25.291842
      objectReference: {fileID: 0}
    - target: {fileID: 3506150401543615792, guid: 53161f6da831bf74aa57a1cb67c57116,
        type: 3}
      propertyPath: m_LocalEulerAnglesHint.x
      value: 16.713383
      objectReference: {fileID: 0}
    - target: {fileID: 3506150401543615792, guid: 53161f6da831bf74aa57a1cb67c57116,
        type: 3}
      propertyPath: m_LocalEulerAnglesHint.y
      value: -0.34138653
      objectReference: {fileID: 0}
    - target: {fileID: 3506150401543615792, guid: 53161f6da831bf74aa57a1cb67c57116,
        type: 3}
      propertyPath: m_LocalEulerAnglesHint.z
      value: -2.2717783
      objectReference: {fileID: 0}
    - target: {fileID: 4557921530803443061, guid: 53161f6da831bf74aa57a1cb67c57116,
        type: 3}
      propertyPath: m_LocalEulerAnglesHint.x
      value: -13.254033
      objectReference: {fileID: 0}
    - target: {fileID: 4557921530803443061, guid: 53161f6da831bf74aa57a1cb67c57116,
        type: 3}
      propertyPath: m_LocalEulerAnglesHint.y
      value: -5.008118
      objectReference: {fileID: 0}
    - target: {fileID: 4557921530803443061, guid: 53161f6da831bf74aa57a1cb67c57116,
        type: 3}
      propertyPath: m_LocalEulerAnglesHint.z
      value: 168.06728
      objectReference: {fileID: 0}
    - target: {fileID: 4801354620474064539, guid: 53161f6da831bf74aa57a1cb67c57116,
        type: 3}
      propertyPath: m_LocalEulerAnglesHint.x
      value: 24.418533
      objectReference: {fileID: 0}
    - target: {fileID: 4801354620474064539, guid: 53161f6da831bf74aa57a1cb67c57116,
        type: 3}
      propertyPath: m_LocalEulerAnglesHint.y
      value: -0.7776135
      objectReference: {fileID: 0}
    - target: {fileID: 4801354620474064539, guid: 53161f6da831bf74aa57a1cb67c57116,
        type: 3}
      propertyPath: m_LocalEulerAnglesHint.z
      value: -3.6580982
      objectReference: {fileID: 0}
    - target: {fileID: 4803256113787784250, guid: 53161f6da831bf74aa57a1cb67c57116,
        type: 3}
      propertyPath: m_LocalEulerAnglesHint.x
      value: -0.42657804
      objectReference: {fileID: 0}
    - target: {fileID: 4803256113787784250, guid: 53161f6da831bf74aa57a1cb67c57116,
        type: 3}
      propertyPath: m_LocalEulerAnglesHint.y
      value: 0.98633724
      objectReference: {fileID: 0}
    - target: {fileID: 4803256113787784250, guid: 53161f6da831bf74aa57a1cb67c57116,
        type: 3}
      propertyPath: m_LocalEulerAnglesHint.z
      value: -9.851826
      objectReference: {fileID: 0}
    - target: {fileID: 5257096426849753267, guid: 53161f6da831bf74aa57a1cb67c57116,
        type: 3}
      propertyPath: m_LocalEulerAnglesHint.x
      value: 18.242672
      objectReference: {fileID: 0}
    - target: {fileID: 5257096426849753267, guid: 53161f6da831bf74aa57a1cb67c57116,
        type: 3}
      propertyPath: m_LocalEulerAnglesHint.y
      value: -0.79965967
      objectReference: {fileID: 0}
    - target: {fileID: 5257096426849753267, guid: 53161f6da831bf74aa57a1cb67c57116,
        type: 3}
      propertyPath: m_LocalEulerAnglesHint.z
      value: -1.1120251
      objectReference: {fileID: 0}
    - target: {fileID: 5390720452750780833, guid: 53161f6da831bf74aa57a1cb67c57116,
        type: 3}
      propertyPath: m_LocalEulerAnglesHint.x
      value: 17.028482
      objectReference: {fileID: 0}
    - target: {fileID: 5390720452750780833, guid: 53161f6da831bf74aa57a1cb67c57116,
        type: 3}
      propertyPath: m_LocalEulerAnglesHint.y
      value: 0.36710405
      objectReference: {fileID: 0}
    - target: {fileID: 5390720452750780833, guid: 53161f6da831bf74aa57a1cb67c57116,
        type: 3}
      propertyPath: m_LocalEulerAnglesHint.z
      value: 2.7947779
      objectReference: {fileID: 0}
    - target: {fileID: 5498713899470750145, guid: 53161f6da831bf74aa57a1cb67c57116,
        type: 3}
      propertyPath: m_LocalEulerAnglesHint.x
      value: 16.552353
      objectReference: {fileID: 0}
    - target: {fileID: 5498713899470750145, guid: 53161f6da831bf74aa57a1cb67c57116,
        type: 3}
      propertyPath: m_LocalEulerAnglesHint.y
      value: -0.29237798
      objectReference: {fileID: 0}
    - target: {fileID: 5498713899470750145, guid: 53161f6da831bf74aa57a1cb67c57116,
        type: 3}
      propertyPath: m_LocalEulerAnglesHint.z
      value: -2.0070596
      objectReference: {fileID: 0}
    - target: {fileID: 6204169937033342801, guid: 53161f6da831bf74aa57a1cb67c57116,
        type: 3}
      propertyPath: m_LocalEulerAnglesHint.x
      value: 12.600763
      objectReference: {fileID: 0}
    - target: {fileID: 6204169937033342801, guid: 53161f6da831bf74aa57a1cb67c57116,
        type: 3}
      propertyPath: m_LocalEulerAnglesHint.y
      value: -0.88745767
      objectReference: {fileID: 0}
    - target: {fileID: 6204169937033342801, guid: 53161f6da831bf74aa57a1cb67c57116,
        type: 3}
      propertyPath: m_LocalEulerAnglesHint.z
      value: -4.9257364
      objectReference: {fileID: 0}
    - target: {fileID: 6473791464006618733, guid: 53161f6da831bf74aa57a1cb67c57116,
        type: 3}
      propertyPath: m_LocalEulerAnglesHint.x
      value: -3.3598065
      objectReference: {fileID: 0}
    - target: {fileID: 6473791464006618733, guid: 53161f6da831bf74aa57a1cb67c57116,
        type: 3}
      propertyPath: m_LocalEulerAnglesHint.y
      value: 1.3087338
      objectReference: {fileID: 0}
    - target: {fileID: 6473791464006618733, guid: 53161f6da831bf74aa57a1cb67c57116,
        type: 3}
      propertyPath: m_LocalEulerAnglesHint.z
      value: -2.3191698
      objectReference: {fileID: 0}
    - target: {fileID: 6475341992876109301, guid: 53161f6da831bf74aa57a1cb67c57116,
        type: 3}
      propertyPath: m_LocalEulerAnglesHint.x
      value: -33.65055
      objectReference: {fileID: 0}
    - target: {fileID: 6475341992876109301, guid: 53161f6da831bf74aa57a1cb67c57116,
        type: 3}
      propertyPath: m_LocalEulerAnglesHint.y
      value: 7.7170496
      objectReference: {fileID: 0}
    - target: {fileID: 6475341992876109301, guid: 53161f6da831bf74aa57a1cb67c57116,
        type: 3}
      propertyPath: m_LocalEulerAnglesHint.z
      value: -1.6214008
      objectReference: {fileID: 0}
    - target: {fileID: 6575649642189861649, guid: 53161f6da831bf74aa57a1cb67c57116,
        type: 3}
      propertyPath: m_LocalEulerAnglesHint.x
      value: 21.173935
      objectReference: {fileID: 0}
    - target: {fileID: 6575649642189861649, guid: 53161f6da831bf74aa57a1cb67c57116,
        type: 3}
      propertyPath: m_LocalEulerAnglesHint.y
      value: 0.5881096
      objectReference: {fileID: 0}
    - target: {fileID: 6575649642189861649, guid: 53161f6da831bf74aa57a1cb67c57116,
        type: 3}
      propertyPath: m_LocalEulerAnglesHint.z
      value: 3.1346836
      objectReference: {fileID: 0}
    - target: {fileID: 6756193879342922478, guid: 53161f6da831bf74aa57a1cb67c57116,
        type: 3}
      propertyPath: m_LocalEulerAnglesHint.x
      value: 14.032356
      objectReference: {fileID: 0}
    - target: {fileID: 6756193879342922478, guid: 53161f6da831bf74aa57a1cb67c57116,
        type: 3}
      propertyPath: m_LocalEulerAnglesHint.y
      value: -0.40481177
      objectReference: {fileID: 0}
    - target: {fileID: 6756193879342922478, guid: 53161f6da831bf74aa57a1cb67c57116,
        type: 3}
      propertyPath: m_LocalEulerAnglesHint.z
      value: 0.58915645
      objectReference: {fileID: 0}
    - target: {fileID: 7402050280959761381, guid: 53161f6da831bf74aa57a1cb67c57116,
        type: 3}
      propertyPath: m_LocalEulerAnglesHint.x
      value: 0.37230086
      objectReference: {fileID: 0}
    - target: {fileID: 7402050280959761381, guid: 53161f6da831bf74aa57a1cb67c57116,
        type: 3}
      propertyPath: m_LocalEulerAnglesHint.y
      value: 0.077754825
      objectReference: {fileID: 0}
    - target: {fileID: 7402050280959761381, guid: 53161f6da831bf74aa57a1cb67c57116,
        type: 3}
      propertyPath: m_LocalEulerAnglesHint.z
      value: 27.11749
      objectReference: {fileID: 0}
    - target: {fileID: 7564604342859738627, guid: 53161f6da831bf74aa57a1cb67c57116,
        type: 3}
      propertyPath: m_LocalEulerAnglesHint.x
      value: 19.104471
      objectReference: {fileID: 0}
    - target: {fileID: 7564604342859738627, guid: 53161f6da831bf74aa57a1cb67c57116,
        type: 3}
      propertyPath: m_LocalEulerAnglesHint.y
      value: -0.42721733
      objectReference: {fileID: 0}
    - target: {fileID: 7564604342859738627, guid: 53161f6da831bf74aa57a1cb67c57116,
        type: 3}
      propertyPath: m_LocalEulerAnglesHint.z
      value: -2.5102699
      objectReference: {fileID: 0}
    - target: {fileID: 7647679495653059910, guid: 53161f6da831bf74aa57a1cb67c57116,
        type: 3}
      propertyPath: m_LocalEulerAnglesHint.x
      value: -3.4951692
      objectReference: {fileID: 0}
    - target: {fileID: 7647679495653059910, guid: 53161f6da831bf74aa57a1cb67c57116,
        type: 3}
      propertyPath: m_LocalEulerAnglesHint.y
      value: 10.79175
      objectReference: {fileID: 0}
    - target: {fileID: 7647679495653059910, guid: 53161f6da831bf74aa57a1cb67c57116,
        type: 3}
      propertyPath: m_LocalEulerAnglesHint.z
      value: -5.266286
      objectReference: {fileID: 0}
    - target: {fileID: 7814502684447367421, guid: 53161f6da831bf74aa57a1cb67c57116,
        type: 3}
      propertyPath: m_LocalEulerAnglesHint.x
      value: -2.0010197
      objectReference: {fileID: 0}
    - target: {fileID: 7814502684447367421, guid: 53161f6da831bf74aa57a1cb67c57116,
        type: 3}
      propertyPath: m_LocalEulerAnglesHint.y
      value: 7.8429966
      objectReference: {fileID: 0}
    - target: {fileID: 7814502684447367421, guid: 53161f6da831bf74aa57a1cb67c57116,
        type: 3}
      propertyPath: m_LocalEulerAnglesHint.z
      value: 170.38654
      objectReference: {fileID: 0}
    - target: {fileID: 7890213252975753055, guid: 53161f6da831bf74aa57a1cb67c57116,
        type: 3}
      propertyPath: m_LocalEulerAnglesHint.x
      value: 18.172852
      objectReference: {fileID: 0}
    - target: {fileID: 7890213252975753055, guid: 53161f6da831bf74aa57a1cb67c57116,
        type: 3}
      propertyPath: m_LocalEulerAnglesHint.y
      value: 0.42563605
      objectReference: {fileID: 0}
    - target: {fileID: 7890213252975753055, guid: 53161f6da831bf74aa57a1cb67c57116,
        type: 3}
      propertyPath: m_LocalEulerAnglesHint.z
      value: 2.6670542
      objectReference: {fileID: 0}
    - target: {fileID: 8529429290064647585, guid: 53161f6da831bf74aa57a1cb67c57116,
        type: 3}
      propertyPath: m_LocalEulerAnglesHint.x
      value: 76.69606
      objectReference: {fileID: 0}
    - target: {fileID: 8529429290064647585, guid: 53161f6da831bf74aa57a1cb67c57116,
        type: 3}
      propertyPath: m_LocalEulerAnglesHint.y
      value: 52.015823
      objectReference: {fileID: 0}
    - target: {fileID: 8529429290064647585, guid: 53161f6da831bf74aa57a1cb67c57116,
        type: 3}
      propertyPath: m_LocalEulerAnglesHint.z
      value: 65.65778
      objectReference: {fileID: 0}
    - target: {fileID: 8989236291459428789, guid: 53161f6da831bf74aa57a1cb67c57116,
        type: 3}
      propertyPath: m_LocalEulerAnglesHint.x
      value: 27.968018
      objectReference: {fileID: 0}
    - target: {fileID: 8989236291459428789, guid: 53161f6da831bf74aa57a1cb67c57116,
        type: 3}
      propertyPath: m_LocalEulerAnglesHint.y
      value: 0.5051202
      objectReference: {fileID: 0}
    - target: {fileID: 8989236291459428789, guid: 53161f6da831bf74aa57a1cb67c57116,
        type: 3}
      propertyPath: m_LocalEulerAnglesHint.z
      value: -0.14723171
      objectReference: {fileID: 0}
    m_RemovedComponents: []
  m_SourcePrefab: {fileID: 100100000, guid: 53161f6da831bf74aa57a1cb67c57116, type: 3}
--- !u!4 &7723493945889077649 stripped
Transform:
  m_CorrespondingSourceObject: {fileID: -4216859302048453862, guid: 53161f6da831bf74aa57a1cb67c57116,
    type: 3}
  m_PrefabInstance: {fileID: 3338829906460054155}
  m_PrefabAsset: {fileID: 0}
--- !u!95 &406835876615525611 stripped
Animator:
  m_CorrespondingSourceObject: {fileID: -6057140222963153312, guid: 53161f6da831bf74aa57a1cb67c57116,
    type: 3}
  m_PrefabInstance: {fileID: 3338829906460054155}
  m_PrefabAsset: {fileID: 0}
--- !u!1001 &3338829907184806414
PrefabInstance:
  m_ObjectHideFlags: 0
  serializedVersion: 2
  m_Modification:
    m_TransformParent: {fileID: 3338829905946490351}
    m_Modifications:
    - target: {fileID: -927199367670048503, guid: 53161f6da831bf74aa57a1cb67c57116,
        type: 3}
      propertyPath: m_Name
      value: CityC
      objectReference: {fileID: 0}
    - target: {fileID: -6057140222963153312, guid: 53161f6da831bf74aa57a1cb67c57116,
        type: 3}
      propertyPath: m_Controller
      value: 
      objectReference: {fileID: 9100000, guid: f33030ccb23356e43bb7181193ecb54e, type: 2}
    - target: {fileID: -4216859302048453862, guid: 53161f6da831bf74aa57a1cb67c57116,
        type: 3}
      propertyPath: m_LocalPosition.x
      value: 0
      objectReference: {fileID: 0}
    - target: {fileID: -4216859302048453862, guid: 53161f6da831bf74aa57a1cb67c57116,
        type: 3}
      propertyPath: m_LocalPosition.y
      value: 0
      objectReference: {fileID: 0}
    - target: {fileID: -4216859302048453862, guid: 53161f6da831bf74aa57a1cb67c57116,
        type: 3}
      propertyPath: m_LocalPosition.z
      value: 0
      objectReference: {fileID: 0}
    - target: {fileID: -4216859302048453862, guid: 53161f6da831bf74aa57a1cb67c57116,
        type: 3}
      propertyPath: m_LocalRotation.x
      value: -0
      objectReference: {fileID: 0}
    - target: {fileID: -4216859302048453862, guid: 53161f6da831bf74aa57a1cb67c57116,
        type: 3}
      propertyPath: m_LocalRotation.y
      value: -0
      objectReference: {fileID: 0}
    - target: {fileID: -4216859302048453862, guid: 53161f6da831bf74aa57a1cb67c57116,
        type: 3}
      propertyPath: m_LocalRotation.z
      value: -0
      objectReference: {fileID: 0}
    - target: {fileID: -4216859302048453862, guid: 53161f6da831bf74aa57a1cb67c57116,
        type: 3}
      propertyPath: m_LocalRotation.w
      value: 1
      objectReference: {fileID: 0}
    - target: {fileID: -4216859302048453862, guid: 53161f6da831bf74aa57a1cb67c57116,
        type: 3}
      propertyPath: m_RootOrder
      value: 0
      objectReference: {fileID: 0}
    - target: {fileID: -4216859302048453862, guid: 53161f6da831bf74aa57a1cb67c57116,
        type: 3}
      propertyPath: m_LocalEulerAnglesHint.x
      value: 0
      objectReference: {fileID: 0}
    - target: {fileID: -4216859302048453862, guid: 53161f6da831bf74aa57a1cb67c57116,
        type: 3}
      propertyPath: m_LocalEulerAnglesHint.y
      value: 0
      objectReference: {fileID: 0}
    - target: {fileID: -4216859302048453862, guid: 53161f6da831bf74aa57a1cb67c57116,
        type: 3}
      propertyPath: m_LocalEulerAnglesHint.z
      value: 0
      objectReference: {fileID: 0}
    - target: {fileID: -9147868553947026619, guid: 53161f6da831bf74aa57a1cb67c57116,
        type: 3}
      propertyPath: m_LocalEulerAnglesHint.x
      value: 29.395384
      objectReference: {fileID: 0}
    - target: {fileID: -9147868553947026619, guid: 53161f6da831bf74aa57a1cb67c57116,
        type: 3}
      propertyPath: m_LocalEulerAnglesHint.y
      value: -4.906532
      objectReference: {fileID: 0}
    - target: {fileID: -9147868553947026619, guid: 53161f6da831bf74aa57a1cb67c57116,
        type: 3}
      propertyPath: m_LocalEulerAnglesHint.z
      value: -6.0798135
      objectReference: {fileID: 0}
    - target: {fileID: -9064325173771588411, guid: 53161f6da831bf74aa57a1cb67c57116,
        type: 3}
      propertyPath: m_LocalEulerAnglesHint.x
      value: 22.44454
      objectReference: {fileID: 0}
    - target: {fileID: -9064325173771588411, guid: 53161f6da831bf74aa57a1cb67c57116,
        type: 3}
      propertyPath: m_LocalEulerAnglesHint.y
      value: 1.3736197
      objectReference: {fileID: 0}
    - target: {fileID: -9064325173771588411, guid: 53161f6da831bf74aa57a1cb67c57116,
        type: 3}
      propertyPath: m_LocalEulerAnglesHint.z
      value: 1.150305
      objectReference: {fileID: 0}
    - target: {fileID: -8847647782281173077, guid: 53161f6da831bf74aa57a1cb67c57116,
        type: 3}
      propertyPath: m_LocalEulerAnglesHint.x
      value: 14.555313
      objectReference: {fileID: 0}
    - target: {fileID: -8847647782281173077, guid: 53161f6da831bf74aa57a1cb67c57116,
        type: 3}
      propertyPath: m_LocalEulerAnglesHint.y
      value: 1.0441302
      objectReference: {fileID: 0}
    - target: {fileID: -8847647782281173077, guid: 53161f6da831bf74aa57a1cb67c57116,
        type: 3}
      propertyPath: m_LocalEulerAnglesHint.z
      value: 3.8948512
      objectReference: {fileID: 0}
    - target: {fileID: -8757011230347164249, guid: 53161f6da831bf74aa57a1cb67c57116,
        type: 3}
      propertyPath: m_LocalEulerAnglesHint.x
      value: 11.634954
      objectReference: {fileID: 0}
    - target: {fileID: -8757011230347164249, guid: 53161f6da831bf74aa57a1cb67c57116,
        type: 3}
      propertyPath: m_LocalEulerAnglesHint.y
      value: -0.14826745
      objectReference: {fileID: 0}
    - target: {fileID: -8757011230347164249, guid: 53161f6da831bf74aa57a1cb67c57116,
        type: 3}
      propertyPath: m_LocalEulerAnglesHint.z
      value: -1.470613
      objectReference: {fileID: 0}
    - target: {fileID: -8520351005060889411, guid: 53161f6da831bf74aa57a1cb67c57116,
        type: 3}
      propertyPath: m_LocalEulerAnglesHint.x
      value: -18.409283
      objectReference: {fileID: 0}
    - target: {fileID: -8520351005060889411, guid: 53161f6da831bf74aa57a1cb67c57116,
        type: 3}
      propertyPath: m_LocalEulerAnglesHint.y
      value: -6.286645
      objectReference: {fileID: 0}
    - target: {fileID: -8520351005060889411, guid: 53161f6da831bf74aa57a1cb67c57116,
        type: 3}
      propertyPath: m_LocalEulerAnglesHint.z
      value: -1.0997576
      objectReference: {fileID: 0}
    - target: {fileID: -8174010022519288266, guid: 53161f6da831bf74aa57a1cb67c57116,
        type: 3}
      propertyPath: m_LocalEulerAnglesHint.x
      value: -3.0682523
      objectReference: {fileID: 0}
    - target: {fileID: -8174010022519288266, guid: 53161f6da831bf74aa57a1cb67c57116,
        type: 3}
      propertyPath: m_LocalEulerAnglesHint.y
      value: -3.7808528
      objectReference: {fileID: 0}
    - target: {fileID: -8174010022519288266, guid: 53161f6da831bf74aa57a1cb67c57116,
        type: 3}
      propertyPath: m_LocalEulerAnglesHint.z
      value: -26.94778
      objectReference: {fileID: 0}
    - target: {fileID: -8041784574630284323, guid: 53161f6da831bf74aa57a1cb67c57116,
        type: 3}
      propertyPath: m_LocalEulerAnglesHint.x
      value: 10.276047
      objectReference: {fileID: 0}
    - target: {fileID: -8041784574630284323, guid: 53161f6da831bf74aa57a1cb67c57116,
        type: 3}
      propertyPath: m_LocalEulerAnglesHint.y
      value: -7.809549
      objectReference: {fileID: 0}
    - target: {fileID: -8041784574630284323, guid: 53161f6da831bf74aa57a1cb67c57116,
        type: 3}
      propertyPath: m_LocalEulerAnglesHint.z
      value: -22.310196
      objectReference: {fileID: 0}
    - target: {fileID: -7980375734921172826, guid: 53161f6da831bf74aa57a1cb67c57116,
        type: 3}
      propertyPath: m_LocalEulerAnglesHint.x
      value: 12.934862
      objectReference: {fileID: 0}
    - target: {fileID: -7980375734921172826, guid: 53161f6da831bf74aa57a1cb67c57116,
        type: 3}
      propertyPath: m_LocalEulerAnglesHint.y
      value: -0.8859964
      objectReference: {fileID: 0}
    - target: {fileID: -7980375734921172826, guid: 53161f6da831bf74aa57a1cb67c57116,
        type: 3}
      propertyPath: m_LocalEulerAnglesHint.z
      value: -4.337597
      objectReference: {fileID: 0}
    - target: {fileID: -7597426032139329959, guid: 53161f6da831bf74aa57a1cb67c57116,
        type: 3}
      propertyPath: m_LocalEulerAnglesHint.x
      value: 26.847706
      objectReference: {fileID: 0}
    - target: {fileID: -7597426032139329959, guid: 53161f6da831bf74aa57a1cb67c57116,
        type: 3}
      propertyPath: m_LocalEulerAnglesHint.y
      value: -1.2437167
      objectReference: {fileID: 0}
    - target: {fileID: -7597426032139329959, guid: 53161f6da831bf74aa57a1cb67c57116,
        type: 3}
      propertyPath: m_LocalEulerAnglesHint.z
      value: -0.11860724
      objectReference: {fileID: 0}
    - target: {fileID: -7592558355049508510, guid: 53161f6da831bf74aa57a1cb67c57116,
        type: 3}
      propertyPath: m_LocalEulerAnglesHint.x
      value: 74.615364
      objectReference: {fileID: 0}
    - target: {fileID: -7592558355049508510, guid: 53161f6da831bf74aa57a1cb67c57116,
        type: 3}
      propertyPath: m_LocalEulerAnglesHint.y
      value: 62.80136
      objectReference: {fileID: 0}
    - target: {fileID: -7592558355049508510, guid: 53161f6da831bf74aa57a1cb67c57116,
        type: 3}
      propertyPath: m_LocalEulerAnglesHint.z
      value: 40.030277
      objectReference: {fileID: 0}
    - target: {fileID: -5696235270323981043, guid: 53161f6da831bf74aa57a1cb67c57116,
        type: 3}
      propertyPath: m_LocalEulerAnglesHint.x
      value: 21.566412
      objectReference: {fileID: 0}
    - target: {fileID: -5696235270323981043, guid: 53161f6da831bf74aa57a1cb67c57116,
        type: 3}
      propertyPath: m_LocalEulerAnglesHint.y
      value: 0.6198119
      objectReference: {fileID: 0}
    - target: {fileID: -5696235270323981043, guid: 53161f6da831bf74aa57a1cb67c57116,
        type: 3}
      propertyPath: m_LocalEulerAnglesHint.z
      value: 3.2286267
      objectReference: {fileID: 0}
    - target: {fileID: -5420008163957686366, guid: 53161f6da831bf74aa57a1cb67c57116,
        type: 3}
      propertyPath: m_LocalEulerAnglesHint.x
      value: 0.32029903
      objectReference: {fileID: 0}
    - target: {fileID: -5420008163957686366, guid: 53161f6da831bf74aa57a1cb67c57116,
        type: 3}
      propertyPath: m_LocalEulerAnglesHint.y
      value: -12.307127
      objectReference: {fileID: 0}
    - target: {fileID: -5420008163957686366, guid: 53161f6da831bf74aa57a1cb67c57116,
        type: 3}
      propertyPath: m_LocalEulerAnglesHint.z
      value: -3.5061746
      objectReference: {fileID: 0}
    - target: {fileID: -4749817584017886579, guid: 53161f6da831bf74aa57a1cb67c57116,
        type: 3}
      propertyPath: m_LocalEulerAnglesHint.x
      value: 20.521442
      objectReference: {fileID: 0}
    - target: {fileID: -4749817584017886579, guid: 53161f6da831bf74aa57a1cb67c57116,
        type: 3}
      propertyPath: m_LocalEulerAnglesHint.y
      value: -13.266925
      objectReference: {fileID: 0}
    - target: {fileID: -4749817584017886579, guid: 53161f6da831bf74aa57a1cb67c57116,
        type: 3}
      propertyPath: m_LocalEulerAnglesHint.z
      value: -7.568272
      objectReference: {fileID: 0}
    - target: {fileID: -4431429744085825124, guid: 53161f6da831bf74aa57a1cb67c57116,
        type: 3}
      propertyPath: m_LocalEulerAnglesHint.x
      value: -2.940034
      objectReference: {fileID: 0}
    - target: {fileID: -4431429744085825124, guid: 53161f6da831bf74aa57a1cb67c57116,
        type: 3}
      propertyPath: m_LocalEulerAnglesHint.y
      value: 2.3319864
      objectReference: {fileID: 0}
    - target: {fileID: -4431429744085825124, guid: 53161f6da831bf74aa57a1cb67c57116,
        type: 3}
      propertyPath: m_LocalEulerAnglesHint.z
      value: 9.194225
      objectReference: {fileID: 0}
    - target: {fileID: -4212916686629878199, guid: 53161f6da831bf74aa57a1cb67c57116,
        type: 3}
      propertyPath: m_LocalEulerAnglesHint.x
      value: 27.803787
      objectReference: {fileID: 0}
    - target: {fileID: -4212916686629878199, guid: 53161f6da831bf74aa57a1cb67c57116,
        type: 3}
      propertyPath: m_LocalEulerAnglesHint.y
      value: 1.074329
      objectReference: {fileID: 0}
    - target: {fileID: -4212916686629878199, guid: 53161f6da831bf74aa57a1cb67c57116,
        type: 3}
      propertyPath: m_LocalEulerAnglesHint.z
      value: 4.325372
      objectReference: {fileID: 0}
    - target: {fileID: -4102845877142942862, guid: 53161f6da831bf74aa57a1cb67c57116,
        type: 3}
      propertyPath: m_Materials.Array.data[0]
      value: 
      objectReference: {fileID: 2100000, guid: ab912edc541baa347bdbd270668f4215, type: 2}
    - target: {fileID: -3818628978618513673, guid: 53161f6da831bf74aa57a1cb67c57116,
        type: 3}
      propertyPath: m_LocalEulerAnglesHint.x
      value: 1.2892723
      objectReference: {fileID: 0}
    - target: {fileID: -3818628978618513673, guid: 53161f6da831bf74aa57a1cb67c57116,
        type: 3}
      propertyPath: m_LocalEulerAnglesHint.y
      value: 0.26582125
      objectReference: {fileID: 0}
    - target: {fileID: -3818628978618513673, guid: 53161f6da831bf74aa57a1cb67c57116,
        type: 3}
      propertyPath: m_LocalEulerAnglesHint.z
      value: 12.550273
      objectReference: {fileID: 0}
    - target: {fileID: -3220319501169496967, guid: 53161f6da831bf74aa57a1cb67c57116,
        type: 3}
      propertyPath: m_LocalEulerAnglesHint.x
      value: -0.6559143
      objectReference: {fileID: 0}
    - target: {fileID: -3220319501169496967, guid: 53161f6da831bf74aa57a1cb67c57116,
        type: 3}
      propertyPath: m_LocalEulerAnglesHint.y
      value: 16.737856
      objectReference: {fileID: 0}
    - target: {fileID: -3220319501169496967, guid: 53161f6da831bf74aa57a1cb67c57116,
        type: 3}
      propertyPath: m_LocalEulerAnglesHint.z
      value: -3.3979137
      objectReference: {fileID: 0}
    - target: {fileID: -3167575404677891443, guid: 53161f6da831bf74aa57a1cb67c57116,
        type: 3}
      propertyPath: m_LocalEulerAnglesHint.x
      value: 5.795635
      objectReference: {fileID: 0}
    - target: {fileID: -3167575404677891443, guid: 53161f6da831bf74aa57a1cb67c57116,
        type: 3}
      propertyPath: m_LocalEulerAnglesHint.y
      value: 0.10647394
      objectReference: {fileID: 0}
    - target: {fileID: -3167575404677891443, guid: 53161f6da831bf74aa57a1cb67c57116,
        type: 3}
      propertyPath: m_LocalEulerAnglesHint.z
      value: 6.427868
      objectReference: {fileID: 0}
    - target: {fileID: -2729217777491114371, guid: 53161f6da831bf74aa57a1cb67c57116,
        type: 3}
      propertyPath: m_LocalEulerAnglesHint.x
      value: 69.32402
      objectReference: {fileID: 0}
    - target: {fileID: -2729217777491114371, guid: 53161f6da831bf74aa57a1cb67c57116,
        type: 3}
      propertyPath: m_LocalEulerAnglesHint.y
      value: 8.218411
      objectReference: {fileID: 0}
    - target: {fileID: -2729217777491114371, guid: 53161f6da831bf74aa57a1cb67c57116,
        type: 3}
      propertyPath: m_LocalEulerAnglesHint.z
      value: -6.1410627
      objectReference: {fileID: 0}
    - target: {fileID: -1232451692195220358, guid: 53161f6da831bf74aa57a1cb67c57116,
        type: 3}
      propertyPath: m_LocalEulerAnglesHint.x
      value: 0.031774774
      objectReference: {fileID: 0}
    - target: {fileID: -1232451692195220358, guid: 53161f6da831bf74aa57a1cb67c57116,
        type: 3}
      propertyPath: m_LocalEulerAnglesHint.y
      value: 0.0006831254
      objectReference: {fileID: 0}
    - target: {fileID: -1232451692195220358, guid: 53161f6da831bf74aa57a1cb67c57116,
        type: 3}
      propertyPath: m_LocalEulerAnglesHint.z
      value: -20.955963
      objectReference: {fileID: 0}
    - target: {fileID: -790435773315590083, guid: 53161f6da831bf74aa57a1cb67c57116,
        type: 3}
      propertyPath: m_LocalEulerAnglesHint.x
      value: 17.536335
      objectReference: {fileID: 0}
    - target: {fileID: -790435773315590083, guid: 53161f6da831bf74aa57a1cb67c57116,
        type: 3}
      propertyPath: m_LocalEulerAnglesHint.y
      value: 0.38903314
      objectReference: {fileID: 0}
    - target: {fileID: -790435773315590083, guid: 53161f6da831bf74aa57a1cb67c57116,
        type: 3}
      propertyPath: m_LocalEulerAnglesHint.z
      value: 2.5214534
      objectReference: {fileID: 0}
    - target: {fileID: -681215969731513272, guid: 53161f6da831bf74aa57a1cb67c57116,
        type: 3}
      propertyPath: m_LocalEulerAnglesHint.x
      value: -3.3818235
      objectReference: {fileID: 0}
    - target: {fileID: -681215969731513272, guid: 53161f6da831bf74aa57a1cb67c57116,
        type: 3}
      propertyPath: m_LocalEulerAnglesHint.y
      value: 1.284501
      objectReference: {fileID: 0}
    - target: {fileID: -681215969731513272, guid: 53161f6da831bf74aa57a1cb67c57116,
        type: 3}
      propertyPath: m_LocalEulerAnglesHint.z
      value: -2.3226907
      objectReference: {fileID: 0}
    - target: {fileID: -463995517713469628, guid: 53161f6da831bf74aa57a1cb67c57116,
        type: 3}
      propertyPath: m_LocalEulerAnglesHint.x
      value: 21.41526
      objectReference: {fileID: 0}
    - target: {fileID: -463995517713469628, guid: 53161f6da831bf74aa57a1cb67c57116,
        type: 3}
      propertyPath: m_LocalEulerAnglesHint.y
      value: 1.2260469
      objectReference: {fileID: 0}
    - target: {fileID: -463995517713469628, guid: 53161f6da831bf74aa57a1cb67c57116,
        type: 3}
      propertyPath: m_LocalEulerAnglesHint.z
      value: 2.5538125
      objectReference: {fileID: 0}
    - target: {fileID: 439242457747655436, guid: 53161f6da831bf74aa57a1cb67c57116,
        type: 3}
      propertyPath: m_LocalEulerAnglesHint.x
      value: 13.179087
      objectReference: {fileID: 0}
    - target: {fileID: 439242457747655436, guid: 53161f6da831bf74aa57a1cb67c57116,
        type: 3}
      propertyPath: m_LocalEulerAnglesHint.y
      value: -0.18898492
      objectReference: {fileID: 0}
    - target: {fileID: 439242457747655436, guid: 53161f6da831bf74aa57a1cb67c57116,
        type: 3}
      propertyPath: m_LocalEulerAnglesHint.z
      value: -1.6318122
      objectReference: {fileID: 0}
    - target: {fileID: 1325131568597127023, guid: 53161f6da831bf74aa57a1cb67c57116,
        type: 3}
      propertyPath: m_LocalEulerAnglesHint.x
      value: 6.4974427
      objectReference: {fileID: 0}
    - target: {fileID: 1325131568597127023, guid: 53161f6da831bf74aa57a1cb67c57116,
        type: 3}
      propertyPath: m_LocalEulerAnglesHint.y
      value: -0.5461067
      objectReference: {fileID: 0}
    - target: {fileID: 1325131568597127023, guid: 53161f6da831bf74aa57a1cb67c57116,
        type: 3}
      propertyPath: m_LocalEulerAnglesHint.z
      value: -5.031733
      objectReference: {fileID: 0}
    - target: {fileID: 1401826838451548927, guid: 53161f6da831bf74aa57a1cb67c57116,
        type: 3}
      propertyPath: m_LocalEulerAnglesHint.x
      value: 82.05581
      objectReference: {fileID: 0}
    - target: {fileID: 1401826838451548927, guid: 53161f6da831bf74aa57a1cb67c57116,
        type: 3}
      propertyPath: m_LocalEulerAnglesHint.y
      value: 97.767624
      objectReference: {fileID: 0}
    - target: {fileID: 1401826838451548927, guid: 53161f6da831bf74aa57a1cb67c57116,
        type: 3}
      propertyPath: m_LocalEulerAnglesHint.z
      value: -175.18498
      objectReference: {fileID: 0}
    - target: {fileID: 1867641104906422221, guid: 53161f6da831bf74aa57a1cb67c57116,
        type: 3}
      propertyPath: m_Materials.Array.data[0]
      value: 
      objectReference: {fileID: 2100000, guid: dbb114ea206bf714abc68fd320548e98, type: 2}
    - target: {fileID: 1912126175820078846, guid: 53161f6da831bf74aa57a1cb67c57116,
        type: 3}
      propertyPath: m_LocalEulerAnglesHint.x
      value: 16.425762
      objectReference: {fileID: 0}
    - target: {fileID: 1912126175820078846, guid: 53161f6da831bf74aa57a1cb67c57116,
        type: 3}
      propertyPath: m_LocalEulerAnglesHint.y
      value: 0.34678993
      objectReference: {fileID: 0}
    - target: {fileID: 1912126175820078846, guid: 53161f6da831bf74aa57a1cb67c57116,
        type: 3}
      propertyPath: m_LocalEulerAnglesHint.z
      value: 2.4173696
      objectReference: {fileID: 0}
    - target: {fileID: 2246940569206803994, guid: 53161f6da831bf74aa57a1cb67c57116,
        type: 3}
      propertyPath: m_LocalEulerAnglesHint.x
      value: 82.13991
      objectReference: {fileID: 0}
    - target: {fileID: 2246940569206803994, guid: 53161f6da831bf74aa57a1cb67c57116,
        type: 3}
      propertyPath: m_LocalEulerAnglesHint.y
      value: -94.07426
      objectReference: {fileID: 0}
    - target: {fileID: 2246940569206803994, guid: 53161f6da831bf74aa57a1cb67c57116,
        type: 3}
      propertyPath: m_LocalEulerAnglesHint.z
      value: 177.16833
      objectReference: {fileID: 0}
    - target: {fileID: 2742993185680709401, guid: 53161f6da831bf74aa57a1cb67c57116,
        type: 3}
      propertyPath: m_LocalEulerAnglesHint.x
      value: 0.88726133
      objectReference: {fileID: 0}
    - target: {fileID: 2742993185680709401, guid: 53161f6da831bf74aa57a1cb67c57116,
        type: 3}
      propertyPath: m_LocalEulerAnglesHint.y
      value: 0.005455263
      objectReference: {fileID: 0}
    - target: {fileID: 2742993185680709401, guid: 53161f6da831bf74aa57a1cb67c57116,
        type: 3}
      propertyPath: m_LocalEulerAnglesHint.z
      value: 12.149122
      objectReference: {fileID: 0}
    - target: {fileID: 2946212468447715126, guid: 53161f6da831bf74aa57a1cb67c57116,
        type: 3}
      propertyPath: m_LocalEulerAnglesHint.x
      value: 16.405157
      objectReference: {fileID: 0}
    - target: {fileID: 2946212468447715126, guid: 53161f6da831bf74aa57a1cb67c57116,
        type: 3}
      propertyPath: m_LocalEulerAnglesHint.y
      value: 0.693309
      objectReference: {fileID: 0}
    - target: {fileID: 2946212468447715126, guid: 53161f6da831bf74aa57a1cb67c57116,
        type: 3}
      propertyPath: m_LocalEulerAnglesHint.z
      value: 2.663876
      objectReference: {fileID: 0}
    - target: {fileID: 2963660786538088476, guid: 53161f6da831bf74aa57a1cb67c57116,
        type: 3}
      propertyPath: m_LocalEulerAnglesHint.x
      value: 74.33693
      objectReference: {fileID: 0}
    - target: {fileID: 2963660786538088476, guid: 53161f6da831bf74aa57a1cb67c57116,
        type: 3}
      propertyPath: m_LocalEulerAnglesHint.y
      value: -31.678331
      objectReference: {fileID: 0}
    - target: {fileID: 2963660786538088476, guid: 53161f6da831bf74aa57a1cb67c57116,
        type: 3}
      propertyPath: m_LocalEulerAnglesHint.z
      value: -10.442509
      objectReference: {fileID: 0}
    - target: {fileID: 2989701457832414701, guid: 53161f6da831bf74aa57a1cb67c57116,
        type: 3}
      propertyPath: m_LocalEulerAnglesHint.x
      value: -6.2502337
      objectReference: {fileID: 0}
    - target: {fileID: 2989701457832414701, guid: 53161f6da831bf74aa57a1cb67c57116,
        type: 3}
      propertyPath: m_LocalEulerAnglesHint.y
      value: 0.5191457
      objectReference: {fileID: 0}
    - target: {fileID: 2989701457832414701, guid: 53161f6da831bf74aa57a1cb67c57116,
        type: 3}
      propertyPath: m_LocalEulerAnglesHint.z
      value: -0.11599314
      objectReference: {fileID: 0}
    - target: {fileID: 3373197664844238778, guid: 53161f6da831bf74aa57a1cb67c57116,
        type: 3}
      propertyPath: m_LocalEulerAnglesHint.x
      value: 9.224233
      objectReference: {fileID: 0}
    - target: {fileID: 3373197664844238778, guid: 53161f6da831bf74aa57a1cb67c57116,
        type: 3}
      propertyPath: m_LocalEulerAnglesHint.y
      value: 8.899294
      objectReference: {fileID: 0}
    - target: {fileID: 3373197664844238778, guid: 53161f6da831bf74aa57a1cb67c57116,
        type: 3}
      propertyPath: m_LocalEulerAnglesHint.z
      value: 25.291842
      objectReference: {fileID: 0}
    - target: {fileID: 3506150401543615792, guid: 53161f6da831bf74aa57a1cb67c57116,
        type: 3}
      propertyPath: m_LocalEulerAnglesHint.x
      value: 16.713383
      objectReference: {fileID: 0}
    - target: {fileID: 3506150401543615792, guid: 53161f6da831bf74aa57a1cb67c57116,
        type: 3}
      propertyPath: m_LocalEulerAnglesHint.y
      value: -0.34138653
      objectReference: {fileID: 0}
    - target: {fileID: 3506150401543615792, guid: 53161f6da831bf74aa57a1cb67c57116,
        type: 3}
      propertyPath: m_LocalEulerAnglesHint.z
      value: -2.2717783
      objectReference: {fileID: 0}
    - target: {fileID: 4557921530803443061, guid: 53161f6da831bf74aa57a1cb67c57116,
        type: 3}
      propertyPath: m_LocalEulerAnglesHint.x
      value: -13.254033
      objectReference: {fileID: 0}
    - target: {fileID: 4557921530803443061, guid: 53161f6da831bf74aa57a1cb67c57116,
        type: 3}
      propertyPath: m_LocalEulerAnglesHint.y
      value: -5.008118
      objectReference: {fileID: 0}
    - target: {fileID: 4557921530803443061, guid: 53161f6da831bf74aa57a1cb67c57116,
        type: 3}
      propertyPath: m_LocalEulerAnglesHint.z
      value: 168.06728
      objectReference: {fileID: 0}
    - target: {fileID: 4801354620474064539, guid: 53161f6da831bf74aa57a1cb67c57116,
        type: 3}
      propertyPath: m_LocalEulerAnglesHint.x
      value: 24.418533
      objectReference: {fileID: 0}
    - target: {fileID: 4801354620474064539, guid: 53161f6da831bf74aa57a1cb67c57116,
        type: 3}
      propertyPath: m_LocalEulerAnglesHint.y
      value: -0.7776135
      objectReference: {fileID: 0}
    - target: {fileID: 4801354620474064539, guid: 53161f6da831bf74aa57a1cb67c57116,
        type: 3}
      propertyPath: m_LocalEulerAnglesHint.z
      value: -3.6580982
      objectReference: {fileID: 0}
    - target: {fileID: 4803256113787784250, guid: 53161f6da831bf74aa57a1cb67c57116,
        type: 3}
      propertyPath: m_LocalEulerAnglesHint.x
      value: -0.42657804
      objectReference: {fileID: 0}
    - target: {fileID: 4803256113787784250, guid: 53161f6da831bf74aa57a1cb67c57116,
        type: 3}
      propertyPath: m_LocalEulerAnglesHint.y
      value: 0.98633724
      objectReference: {fileID: 0}
    - target: {fileID: 4803256113787784250, guid: 53161f6da831bf74aa57a1cb67c57116,
        type: 3}
      propertyPath: m_LocalEulerAnglesHint.z
      value: -9.851826
      objectReference: {fileID: 0}
    - target: {fileID: 5257096426849753267, guid: 53161f6da831bf74aa57a1cb67c57116,
        type: 3}
      propertyPath: m_LocalEulerAnglesHint.x
      value: 18.242672
      objectReference: {fileID: 0}
    - target: {fileID: 5257096426849753267, guid: 53161f6da831bf74aa57a1cb67c57116,
        type: 3}
      propertyPath: m_LocalEulerAnglesHint.y
      value: -0.79965967
      objectReference: {fileID: 0}
    - target: {fileID: 5257096426849753267, guid: 53161f6da831bf74aa57a1cb67c57116,
        type: 3}
      propertyPath: m_LocalEulerAnglesHint.z
      value: -1.1120251
      objectReference: {fileID: 0}
    - target: {fileID: 5390720452750780833, guid: 53161f6da831bf74aa57a1cb67c57116,
        type: 3}
      propertyPath: m_LocalEulerAnglesHint.x
      value: 17.028482
      objectReference: {fileID: 0}
    - target: {fileID: 5390720452750780833, guid: 53161f6da831bf74aa57a1cb67c57116,
        type: 3}
      propertyPath: m_LocalEulerAnglesHint.y
      value: 0.36710405
      objectReference: {fileID: 0}
    - target: {fileID: 5390720452750780833, guid: 53161f6da831bf74aa57a1cb67c57116,
        type: 3}
      propertyPath: m_LocalEulerAnglesHint.z
      value: 2.7947779
      objectReference: {fileID: 0}
    - target: {fileID: 5498713899470750145, guid: 53161f6da831bf74aa57a1cb67c57116,
        type: 3}
      propertyPath: m_LocalEulerAnglesHint.x
      value: 16.552353
      objectReference: {fileID: 0}
    - target: {fileID: 5498713899470750145, guid: 53161f6da831bf74aa57a1cb67c57116,
        type: 3}
      propertyPath: m_LocalEulerAnglesHint.y
      value: -0.29237798
      objectReference: {fileID: 0}
    - target: {fileID: 5498713899470750145, guid: 53161f6da831bf74aa57a1cb67c57116,
        type: 3}
      propertyPath: m_LocalEulerAnglesHint.z
      value: -2.0070596
      objectReference: {fileID: 0}
    - target: {fileID: 6204169937033342801, guid: 53161f6da831bf74aa57a1cb67c57116,
        type: 3}
      propertyPath: m_LocalEulerAnglesHint.x
      value: 12.600763
      objectReference: {fileID: 0}
    - target: {fileID: 6204169937033342801, guid: 53161f6da831bf74aa57a1cb67c57116,
        type: 3}
      propertyPath: m_LocalEulerAnglesHint.y
      value: -0.88745767
      objectReference: {fileID: 0}
    - target: {fileID: 6204169937033342801, guid: 53161f6da831bf74aa57a1cb67c57116,
        type: 3}
      propertyPath: m_LocalEulerAnglesHint.z
      value: -4.9257364
      objectReference: {fileID: 0}
    - target: {fileID: 6473791464006618733, guid: 53161f6da831bf74aa57a1cb67c57116,
        type: 3}
      propertyPath: m_LocalEulerAnglesHint.x
      value: -3.3598065
      objectReference: {fileID: 0}
    - target: {fileID: 6473791464006618733, guid: 53161f6da831bf74aa57a1cb67c57116,
        type: 3}
      propertyPath: m_LocalEulerAnglesHint.y
      value: 1.3087338
      objectReference: {fileID: 0}
    - target: {fileID: 6473791464006618733, guid: 53161f6da831bf74aa57a1cb67c57116,
        type: 3}
      propertyPath: m_LocalEulerAnglesHint.z
      value: -2.3191698
      objectReference: {fileID: 0}
    - target: {fileID: 6475341992876109301, guid: 53161f6da831bf74aa57a1cb67c57116,
        type: 3}
      propertyPath: m_LocalEulerAnglesHint.x
      value: -33.65055
      objectReference: {fileID: 0}
    - target: {fileID: 6475341992876109301, guid: 53161f6da831bf74aa57a1cb67c57116,
        type: 3}
      propertyPath: m_LocalEulerAnglesHint.y
      value: 7.7170496
      objectReference: {fileID: 0}
    - target: {fileID: 6475341992876109301, guid: 53161f6da831bf74aa57a1cb67c57116,
        type: 3}
      propertyPath: m_LocalEulerAnglesHint.z
      value: -1.6214008
      objectReference: {fileID: 0}
    - target: {fileID: 6575649642189861649, guid: 53161f6da831bf74aa57a1cb67c57116,
        type: 3}
      propertyPath: m_LocalEulerAnglesHint.x
      value: 21.173935
      objectReference: {fileID: 0}
    - target: {fileID: 6575649642189861649, guid: 53161f6da831bf74aa57a1cb67c57116,
        type: 3}
      propertyPath: m_LocalEulerAnglesHint.y
      value: 0.5881096
      objectReference: {fileID: 0}
    - target: {fileID: 6575649642189861649, guid: 53161f6da831bf74aa57a1cb67c57116,
        type: 3}
      propertyPath: m_LocalEulerAnglesHint.z
      value: 3.1346836
      objectReference: {fileID: 0}
    - target: {fileID: 6756193879342922478, guid: 53161f6da831bf74aa57a1cb67c57116,
        type: 3}
      propertyPath: m_LocalEulerAnglesHint.x
      value: 14.032356
      objectReference: {fileID: 0}
    - target: {fileID: 6756193879342922478, guid: 53161f6da831bf74aa57a1cb67c57116,
        type: 3}
      propertyPath: m_LocalEulerAnglesHint.y
      value: -0.40481177
      objectReference: {fileID: 0}
    - target: {fileID: 6756193879342922478, guid: 53161f6da831bf74aa57a1cb67c57116,
        type: 3}
      propertyPath: m_LocalEulerAnglesHint.z
      value: 0.58915645
      objectReference: {fileID: 0}
    - target: {fileID: 7402050280959761381, guid: 53161f6da831bf74aa57a1cb67c57116,
        type: 3}
      propertyPath: m_LocalEulerAnglesHint.x
      value: 0.37230086
      objectReference: {fileID: 0}
    - target: {fileID: 7402050280959761381, guid: 53161f6da831bf74aa57a1cb67c57116,
        type: 3}
      propertyPath: m_LocalEulerAnglesHint.y
      value: 0.077754825
      objectReference: {fileID: 0}
    - target: {fileID: 7402050280959761381, guid: 53161f6da831bf74aa57a1cb67c57116,
        type: 3}
      propertyPath: m_LocalEulerAnglesHint.z
      value: 27.11749
      objectReference: {fileID: 0}
    - target: {fileID: 7564604342859738627, guid: 53161f6da831bf74aa57a1cb67c57116,
        type: 3}
      propertyPath: m_LocalEulerAnglesHint.x
      value: 19.104471
      objectReference: {fileID: 0}
    - target: {fileID: 7564604342859738627, guid: 53161f6da831bf74aa57a1cb67c57116,
        type: 3}
      propertyPath: m_LocalEulerAnglesHint.y
      value: -0.42721733
      objectReference: {fileID: 0}
    - target: {fileID: 7564604342859738627, guid: 53161f6da831bf74aa57a1cb67c57116,
        type: 3}
      propertyPath: m_LocalEulerAnglesHint.z
      value: -2.5102699
      objectReference: {fileID: 0}
    - target: {fileID: 7647679495653059910, guid: 53161f6da831bf74aa57a1cb67c57116,
        type: 3}
      propertyPath: m_LocalEulerAnglesHint.x
      value: -3.4951692
      objectReference: {fileID: 0}
    - target: {fileID: 7647679495653059910, guid: 53161f6da831bf74aa57a1cb67c57116,
        type: 3}
      propertyPath: m_LocalEulerAnglesHint.y
      value: 10.79175
      objectReference: {fileID: 0}
    - target: {fileID: 7647679495653059910, guid: 53161f6da831bf74aa57a1cb67c57116,
        type: 3}
      propertyPath: m_LocalEulerAnglesHint.z
      value: -5.266286
      objectReference: {fileID: 0}
    - target: {fileID: 7814502684447367421, guid: 53161f6da831bf74aa57a1cb67c57116,
        type: 3}
      propertyPath: m_LocalEulerAnglesHint.x
      value: -2.0010197
      objectReference: {fileID: 0}
    - target: {fileID: 7814502684447367421, guid: 53161f6da831bf74aa57a1cb67c57116,
        type: 3}
      propertyPath: m_LocalEulerAnglesHint.y
      value: 7.8429966
      objectReference: {fileID: 0}
    - target: {fileID: 7814502684447367421, guid: 53161f6da831bf74aa57a1cb67c57116,
        type: 3}
      propertyPath: m_LocalEulerAnglesHint.z
      value: 170.38654
      objectReference: {fileID: 0}
    - target: {fileID: 7890213252975753055, guid: 53161f6da831bf74aa57a1cb67c57116,
        type: 3}
      propertyPath: m_LocalEulerAnglesHint.x
      value: 18.172852
      objectReference: {fileID: 0}
    - target: {fileID: 7890213252975753055, guid: 53161f6da831bf74aa57a1cb67c57116,
        type: 3}
      propertyPath: m_LocalEulerAnglesHint.y
      value: 0.42563605
      objectReference: {fileID: 0}
    - target: {fileID: 7890213252975753055, guid: 53161f6da831bf74aa57a1cb67c57116,
        type: 3}
      propertyPath: m_LocalEulerAnglesHint.z
      value: 2.6670542
      objectReference: {fileID: 0}
    - target: {fileID: 8529429290064647585, guid: 53161f6da831bf74aa57a1cb67c57116,
        type: 3}
      propertyPath: m_LocalEulerAnglesHint.x
      value: 76.69606
      objectReference: {fileID: 0}
    - target: {fileID: 8529429290064647585, guid: 53161f6da831bf74aa57a1cb67c57116,
        type: 3}
      propertyPath: m_LocalEulerAnglesHint.y
      value: 52.015823
      objectReference: {fileID: 0}
    - target: {fileID: 8529429290064647585, guid: 53161f6da831bf74aa57a1cb67c57116,
        type: 3}
      propertyPath: m_LocalEulerAnglesHint.z
      value: 65.65778
      objectReference: {fileID: 0}
    - target: {fileID: 8989236291459428789, guid: 53161f6da831bf74aa57a1cb67c57116,
        type: 3}
      propertyPath: m_LocalEulerAnglesHint.x
      value: 27.968018
      objectReference: {fileID: 0}
    - target: {fileID: 8989236291459428789, guid: 53161f6da831bf74aa57a1cb67c57116,
        type: 3}
      propertyPath: m_LocalEulerAnglesHint.y
      value: 0.5051202
      objectReference: {fileID: 0}
    - target: {fileID: 8989236291459428789, guid: 53161f6da831bf74aa57a1cb67c57116,
        type: 3}
      propertyPath: m_LocalEulerAnglesHint.z
      value: -0.14723171
      objectReference: {fileID: 0}
    m_RemovedComponents: []
  m_SourcePrefab: {fileID: 100100000, guid: 53161f6da831bf74aa57a1cb67c57116, type: 3}
--- !u!4 &7723493946578092308 stripped
Transform:
  m_CorrespondingSourceObject: {fileID: -4216859302048453862, guid: 53161f6da831bf74aa57a1cb67c57116,
    type: 3}
  m_PrefabInstance: {fileID: 3338829907184806414}
  m_PrefabAsset: {fileID: 0}
--- !u!95 &406835878581660782 stripped
Animator:
  m_CorrespondingSourceObject: {fileID: -6057140222963153312, guid: 53161f6da831bf74aa57a1cb67c57116,
    type: 3}
  m_PrefabInstance: {fileID: 3338829907184806414}
  m_PrefabAsset: {fileID: 0}
