%YAML 1.1
%TAG !u! tag:unity3d.com,2011:
--- !u!1 &1830569409999716641
GameObject:
  m_ObjectHideFlags: 0
  m_CorrespondingSourceObject: {fileID: 0}
  m_PrefabInstance: {fileID: 0}
  m_PrefabAsset: {fileID: 0}
  serializedVersion: 6
  m_Component:
  - component: {fileID: 1830569409999716640}
  - component: {fileID: 1830569409999716643}
  m_Layer: 0
  m_Name: City
  m_TagString: Untagged
  m_Icon: {fileID: 0}
  m_NavMeshLayer: 0
  m_StaticEditorFlags: 0
  m_IsActive: 1
--- !u!4 &1830569409999716640
Transform:
  m_ObjectHideFlags: 0
  m_CorrespondingSourceObject: {fileID: 0}
  m_PrefabInstance: {fileID: 0}
  m_PrefabAsset: {fileID: 0}
  m_GameObject: {fileID: 1830569409999716641}
  m_LocalRotation: {x: -0, y: 0.21538515, z: -0, w: 0.9765292}
  m_LocalPosition: {x: 18.65, y: 16, z: 46.26}
  m_LocalScale: {x: 0.7, y: 0.7, z: 0.7}
  m_Children:
  - {fileID: 1830569408158789553}
  - {fileID: 1830569409343677580}
  - {fileID: 1830569409289948911}
  - {fileID: 1830569409904296423}
  - {fileID: 3977405461392615369}
  - {fileID: 3070618129996851126}
  - {fileID: 3070618131531739469}
  - {fileID: 3977405462888215581}
  - {fileID: 3977405462617741025}
  - {fileID: 3977405462566061614}
  - {fileID: 3070618131141679463}
  - {fileID: 1793055340450255214}
  - {fileID: 967986095607934104}
  m_Father: {fileID: 0}
  m_RootOrder: 0
  m_LocalEulerAnglesHint: {x: 0, y: 24.876001, z: 0}
--- !u!82 &1830569409999716643
AudioSource:
  m_ObjectHideFlags: 0
  m_CorrespondingSourceObject: {fileID: 0}
  m_PrefabInstance: {fileID: 0}
  m_PrefabAsset: {fileID: 0}
  m_GameObject: {fileID: 1830569409999716641}
  m_Enabled: 1
  serializedVersion: 4
  OutputAudioMixerGroup: {fileID: 0}
  m_audioClip: {fileID: 8300000, guid: 1eaa9783a191a56449210e6665ba7bd0, type: 3}
  m_PlayOnAwake: 1
  m_Volume: 1
  m_Pitch: 1
  Loop: 1
  Mute: 0
  Spatialize: 0
  SpatializePostEffects: 0
  Priority: 128
  DopplerLevel: 1
  MinDistance: 1
  MaxDistance: 5.2
  Pan2D: 0
  rolloffMode: 2
  BypassEffects: 0
  BypassListenerEffects: 0
  BypassReverbZones: 0
  rolloffCustomCurve:
    serializedVersion: 2
    m_Curve:
    - serializedVersion: 3
      time: 0.0066387504
      value: 1
      inSlope: -1.5196904
      outSlope: -1.5196904
      tangentMode: 0
      weightedMode: 0
      inWeight: 0
      outWeight: 0.34438387
    - serializedVersion: 3
      time: 0.35530326
      value: 0.4855957
      inSlope: -3.0142436
      outSlope: -3.0142436
      tangentMode: 0
      weightedMode: 0
      inWeight: 0.15954874
      outWeight: 0
    - serializedVersion: 3
      time: 0.8115892
      value: 0.009613037
      inSlope: -0.32512996
      outSlope: -0.32512996
      tangentMode: 0
      weightedMode: 0
      inWeight: 0
      outWeight: 0
    - serializedVersion: 3
      time: 1
      value: 0
      inSlope: -0.19238442
      outSlope: -0.19238442
      tangentMode: 0
      weightedMode: 0
      inWeight: 0
      outWeight: 0
    m_PreInfinity: 2
    m_PostInfinity: 2
    m_RotationOrder: 4
  panLevelCustomCurve:
    serializedVersion: 2
    m_Curve:
    - serializedVersion: 3
      time: 0
      value: 1
      inSlope: 0
      outSlope: 0
      tangentMode: 0
      weightedMode: 0
      inWeight: 0.33333334
      outWeight: 0.33333334
    m_PreInfinity: 2
    m_PostInfinity: 2
    m_RotationOrder: 4
  spreadCustomCurve:
    serializedVersion: 2
    m_Curve:
    - serializedVersion: 3
      time: 0
      value: 0
      inSlope: 0
      outSlope: 0
      tangentMode: 0
      weightedMode: 0
      inWeight: 0.33333334
      outWeight: 0.33333334
    m_PreInfinity: 2
    m_PostInfinity: 2
    m_RotationOrder: 4
  reverbZoneMixCustomCurve:
    serializedVersion: 2
    m_Curve:
    - serializedVersion: 3
      time: 0
      value: 1
      inSlope: 0
      outSlope: 0
      tangentMode: 0
      weightedMode: 0
      inWeight: 0.33333334
      outWeight: 0.33333334
    m_PreInfinity: 2
    m_PostInfinity: 2
    m_RotationOrder: 4
--- !u!1001 &967986096411836441
PrefabInstance:
  m_ObjectHideFlags: 0
  serializedVersion: 2
  m_Modification:
    m_TransformParent: {fileID: 1830569409999716640}
    m_Modifications:
    - target: {fileID: 1443833676344954612, guid: a5830524a7065ac408ba914cde4e96fd,
        type: 3}
      propertyPath: m_Name
      value: CityA
      objectReference: {fileID: 0}
    - target: {fileID: 1443833676344954614, guid: a5830524a7065ac408ba914cde4e96fd,
        type: 3}
      propertyPath: m_LocalPosition.x
      value: -0.409
      objectReference: {fileID: 0}
    - target: {fileID: 1443833676344954614, guid: a5830524a7065ac408ba914cde4e96fd,
        type: 3}
      propertyPath: m_LocalPosition.y
      value: -0.005713871
      objectReference: {fileID: 0}
    - target: {fileID: 1443833676344954614, guid: a5830524a7065ac408ba914cde4e96fd,
        type: 3}
      propertyPath: m_LocalPosition.z
      value: -0.109
      objectReference: {fileID: 0}
    - target: {fileID: 1443833676344954614, guid: a5830524a7065ac408ba914cde4e96fd,
        type: 3}
      propertyPath: m_LocalRotation.x
      value: -0
      objectReference: {fileID: 0}
    - target: {fileID: 1443833676344954614, guid: a5830524a7065ac408ba914cde4e96fd,
        type: 3}
      propertyPath: m_LocalRotation.y
      value: -0.8724415
      objectReference: {fileID: 0}
    - target: {fileID: 1443833676344954614, guid: a5830524a7065ac408ba914cde4e96fd,
        type: 3}
      propertyPath: m_LocalRotation.z
      value: -0
      objectReference: {fileID: 0}
    - target: {fileID: 1443833676344954614, guid: a5830524a7065ac408ba914cde4e96fd,
        type: 3}
      propertyPath: m_LocalRotation.w
      value: 0.4887187
      objectReference: {fileID: 0}
    - target: {fileID: 1443833676344954614, guid: a5830524a7065ac408ba914cde4e96fd,
        type: 3}
      propertyPath: m_RootOrder
      value: 2
      objectReference: {fileID: 0}
    - target: {fileID: 1443833676344954614, guid: a5830524a7065ac408ba914cde4e96fd,
        type: 3}
      propertyPath: m_LocalEulerAnglesHint.x
      value: 0
      objectReference: {fileID: 0}
    - target: {fileID: 1443833676344954614, guid: a5830524a7065ac408ba914cde4e96fd,
        type: 3}
      propertyPath: m_LocalEulerAnglesHint.y
      value: -121.48701
      objectReference: {fileID: 0}
    - target: {fileID: 1443833676344954614, guid: a5830524a7065ac408ba914cde4e96fd,
        type: 3}
      propertyPath: m_LocalEulerAnglesHint.z
      value: 0
      objectReference: {fileID: 0}
    - target: {fileID: 1443833676344954614, guid: a5830524a7065ac408ba914cde4e96fd,
        type: 3}
      propertyPath: m_LocalScale.x
      value: 1.0049999
      objectReference: {fileID: 0}
    - target: {fileID: 1443833676344954614, guid: a5830524a7065ac408ba914cde4e96fd,
        type: 3}
      propertyPath: m_LocalScale.y
      value: 1.0049999
      objectReference: {fileID: 0}
    - target: {fileID: 1443833676344954614, guid: a5830524a7065ac408ba914cde4e96fd,
        type: 3}
      propertyPath: m_LocalScale.z
      value: 1.0049999
      objectReference: {fileID: 0}
    m_RemovedComponents: []
  m_SourcePrefab: {fileID: 100100000, guid: a5830524a7065ac408ba914cde4e96fd, type: 3}
--- !u!4 &1830569409289948911 stripped
Transform:
  m_CorrespondingSourceObject: {fileID: 1443833676344954614, guid: a5830524a7065ac408ba914cde4e96fd,
    type: 3}
  m_PrefabInstance: {fileID: 967986096411836441}
  m_PrefabAsset: {fileID: 0}
--- !u!1001 &1793055341368025639
PrefabInstance:
  m_ObjectHideFlags: 0
  serializedVersion: 2
  m_Modification:
    m_TransformParent: {fileID: 1830569409999716640}
    m_Modifications:
    - target: {fileID: 109576748609029797, guid: eaf604f692c3f16448f6aa818b9d92f7,
        type: 3}
      propertyPath: m_Name
      value: CityB
      objectReference: {fileID: 0}
    - target: {fileID: 109576748609029803, guid: eaf604f692c3f16448f6aa818b9d92f7,
        type: 3}
      propertyPath: m_LocalPosition.x
      value: 0.05
      objectReference: {fileID: 0}
    - target: {fileID: 109576748609029803, guid: eaf604f692c3f16448f6aa818b9d92f7,
        type: 3}
      propertyPath: m_LocalPosition.y
      value: 0
      objectReference: {fileID: 0}
    - target: {fileID: 109576748609029803, guid: eaf604f692c3f16448f6aa818b9d92f7,
        type: 3}
      propertyPath: m_LocalPosition.z
      value: -0.036
      objectReference: {fileID: 0}
    - target: {fileID: 109576748609029803, guid: eaf604f692c3f16448f6aa818b9d92f7,
        type: 3}
      propertyPath: m_LocalRotation.x
      value: -0
      objectReference: {fileID: 0}
    - target: {fileID: 109576748609029803, guid: eaf604f692c3f16448f6aa818b9d92f7,
        type: 3}
      propertyPath: m_LocalRotation.y
      value: 0.5766376
      objectReference: {fileID: 0}
    - target: {fileID: 109576748609029803, guid: eaf604f692c3f16448f6aa818b9d92f7,
        type: 3}
      propertyPath: m_LocalRotation.z
      value: -0
      objectReference: {fileID: 0}
    - target: {fileID: 109576748609029803, guid: eaf604f692c3f16448f6aa818b9d92f7,
        type: 3}
      propertyPath: m_LocalRotation.w
      value: 0.8170001
      objectReference: {fileID: 0}
    - target: {fileID: 109576748609029803, guid: eaf604f692c3f16448f6aa818b9d92f7,
        type: 3}
      propertyPath: m_RootOrder
      value: 1
      objectReference: {fileID: 0}
    - target: {fileID: 109576748609029803, guid: eaf604f692c3f16448f6aa818b9d92f7,
        type: 3}
      propertyPath: m_LocalEulerAnglesHint.x
      value: 0
      objectReference: {fileID: 0}
    - target: {fileID: 109576748609029803, guid: eaf604f692c3f16448f6aa818b9d92f7,
        type: 3}
      propertyPath: m_LocalEulerAnglesHint.y
      value: 70.429
      objectReference: {fileID: 0}
    - target: {fileID: 109576748609029803, guid: eaf604f692c3f16448f6aa818b9d92f7,
        type: 3}
      propertyPath: m_LocalEulerAnglesHint.z
      value: 0
      objectReference: {fileID: 0}
    - target: {fileID: 109576748609029803, guid: eaf604f692c3f16448f6aa818b9d92f7,
        type: 3}
      propertyPath: m_LocalScale.x
      value: 1
      objectReference: {fileID: 0}
    - target: {fileID: 109576748609029803, guid: eaf604f692c3f16448f6aa818b9d92f7,
        type: 3}
      propertyPath: m_LocalScale.y
      value: 1
      objectReference: {fileID: 0}
    - target: {fileID: 109576748609029803, guid: eaf604f692c3f16448f6aa818b9d92f7,
        type: 3}
      propertyPath: m_LocalScale.z
      value: 1
      objectReference: {fileID: 0}
    m_RemovedComponents: []
  m_SourcePrefab: {fileID: 100100000, guid: eaf604f692c3f16448f6aa818b9d92f7, type: 3}
--- !u!4 &1830569409343677580 stripped
Transform:
  m_CorrespondingSourceObject: {fileID: 109576748609029803, guid: eaf604f692c3f16448f6aa818b9d92f7,
    type: 3}
  m_PrefabInstance: {fileID: 1793055341368025639}
  m_PrefabAsset: {fileID: 0}
--- !u!1001 &1830569407948251758
PrefabInstance:
  m_ObjectHideFlags: 0
  serializedVersion: 2
  m_Modification:
    m_TransformParent: {fileID: 1830569409999716640}
    m_Modifications:
    - target: {fileID: 1443833676344954612, guid: a5830524a7065ac408ba914cde4e96fd,
        type: 3}
      propertyPath: m_Name
      value: CityA (1)
      objectReference: {fileID: 0}
    - target: {fileID: 1443833676344954614, guid: a5830524a7065ac408ba914cde4e96fd,
        type: 3}
      propertyPath: m_LocalPosition.x
      value: -2.618
      objectReference: {fileID: 0}
    - target: {fileID: 1443833676344954614, guid: a5830524a7065ac408ba914cde4e96fd,
        type: 3}
      propertyPath: m_LocalPosition.y
      value: 0.08
      objectReference: {fileID: 0}
    - target: {fileID: 1443833676344954614, guid: a5830524a7065ac408ba914cde4e96fd,
        type: 3}
      propertyPath: m_LocalPosition.z
      value: -0.011
      objectReference: {fileID: 0}
    - target: {fileID: 1443833676344954614, guid: a5830524a7065ac408ba914cde4e96fd,
        type: 3}
      propertyPath: m_LocalRotation.x
      value: -0
      objectReference: {fileID: 0}
    - target: {fileID: 1443833676344954614, guid: a5830524a7065ac408ba914cde4e96fd,
        type: 3}
      propertyPath: m_LocalRotation.y
      value: -0.95930773
      objectReference: {fileID: 0}
    - target: {fileID: 1443833676344954614, guid: a5830524a7065ac408ba914cde4e96fd,
        type: 3}
      propertyPath: m_LocalRotation.z
      value: -0
      objectReference: {fileID: 0}
    - target: {fileID: 1443833676344954614, guid: a5830524a7065ac408ba914cde4e96fd,
        type: 3}
      propertyPath: m_LocalRotation.w
      value: 0.28236294
      objectReference: {fileID: 0}
    - target: {fileID: 1443833676344954614, guid: a5830524a7065ac408ba914cde4e96fd,
        type: 3}
      propertyPath: m_RootOrder
      value: 12
      objectReference: {fileID: 0}
    - target: {fileID: 1443833676344954614, guid: a5830524a7065ac408ba914cde4e96fd,
        type: 3}
      propertyPath: m_LocalEulerAnglesHint.x
      value: 0
      objectReference: {fileID: 0}
    - target: {fileID: 1443833676344954614, guid: a5830524a7065ac408ba914cde4e96fd,
        type: 3}
      propertyPath: m_LocalEulerAnglesHint.y
      value: -147.197
      objectReference: {fileID: 0}
    - target: {fileID: 1443833676344954614, guid: a5830524a7065ac408ba914cde4e96fd,
        type: 3}
      propertyPath: m_LocalEulerAnglesHint.z
      value: 0
      objectReference: {fileID: 0}
    - target: {fileID: 1443833676344954614, guid: a5830524a7065ac408ba914cde4e96fd,
        type: 3}
      propertyPath: m_LocalScale.x
      value: 1.0049999
      objectReference: {fileID: 0}
    - target: {fileID: 1443833676344954614, guid: a5830524a7065ac408ba914cde4e96fd,
        type: 3}
      propertyPath: m_LocalScale.y
      value: 1.0049999
      objectReference: {fileID: 0}
    - target: {fileID: 1443833676344954614, guid: a5830524a7065ac408ba914cde4e96fd,
        type: 3}
      propertyPath: m_LocalScale.z
      value: 1.0049999
      objectReference: {fileID: 0}
    - target: {fileID: 1443833676344954613, guid: a5830524a7065ac408ba914cde4e96fd,
        type: 3}
      propertyPath: D
      value: 0
      objectReference: {fileID: 0}
    - target: {fileID: 1443833676344954613, guid: a5830524a7065ac408ba914cde4e96fd,
        type: 3}
      propertyPath: C
      value: 1
      objectReference: {fileID: 0}
    m_RemovedComponents: []
  m_SourcePrefab: {fileID: 100100000, guid: a5830524a7065ac408ba914cde4e96fd, type: 3}
--- !u!4 &967986095607934104 stripped
Transform:
  m_CorrespondingSourceObject: {fileID: 1443833676344954614, guid: a5830524a7065ac408ba914cde4e96fd,
    type: 3}
  m_PrefabInstance: {fileID: 1830569407948251758}
  m_PrefabAsset: {fileID: 0}
--- !u!1001 &1830569408135478372
PrefabInstance:
  m_ObjectHideFlags: 0
  serializedVersion: 2
  m_Modification:
    m_TransformParent: {fileID: 1830569409999716640}
    m_Modifications:
    - target: {fileID: 3745442130777775060, guid: d84ef37956b7f8545ac07469d144530f,
        type: 3}
      propertyPath: m_Name
      value: CityD (1)
      objectReference: {fileID: 0}
    - target: {fileID: 3745442130777775058, guid: d84ef37956b7f8545ac07469d144530f,
        type: 3}
      propertyPath: m_LocalPosition.x
      value: -1.092
      objectReference: {fileID: 0}
    - target: {fileID: 3745442130777775058, guid: d84ef37956b7f8545ac07469d144530f,
        type: 3}
      propertyPath: m_LocalPosition.y
      value: 0
      objectReference: {fileID: 0}
    - target: {fileID: 3745442130777775058, guid: d84ef37956b7f8545ac07469d144530f,
        type: 3}
      propertyPath: m_LocalPosition.z
      value: -0.154
      objectReference: {fileID: 0}
    - target: {fileID: 3745442130777775058, guid: d84ef37956b7f8545ac07469d144530f,
        type: 3}
      propertyPath: m_LocalRotation.x
      value: -0
      objectReference: {fileID: 0}
    - target: {fileID: 3745442130777775058, guid: d84ef37956b7f8545ac07469d144530f,
        type: 3}
      propertyPath: m_LocalRotation.y
      value: -0.6103909
      objectReference: {fileID: 0}
    - target: {fileID: 3745442130777775058, guid: d84ef37956b7f8545ac07469d144530f,
        type: 3}
      propertyPath: m_LocalRotation.z
      value: -0
      objectReference: {fileID: 0}
    - target: {fileID: 3745442130777775058, guid: d84ef37956b7f8545ac07469d144530f,
        type: 3}
      propertyPath: m_LocalRotation.w
      value: 0.7921003
      objectReference: {fileID: 0}
    - target: {fileID: 3745442130777775058, guid: d84ef37956b7f8545ac07469d144530f,
        type: 3}
      propertyPath: m_RootOrder
      value: 5
      objectReference: {fileID: 0}
    - target: {fileID: 3745442130777775058, guid: d84ef37956b7f8545ac07469d144530f,
        type: 3}
      propertyPath: m_LocalEulerAnglesHint.x
      value: 0
      objectReference: {fileID: 0}
    - target: {fileID: 3745442130777775058, guid: d84ef37956b7f8545ac07469d144530f,
        type: 3}
      propertyPath: m_LocalEulerAnglesHint.y
      value: -75.236
      objectReference: {fileID: 0}
    - target: {fileID: 3745442130777775058, guid: d84ef37956b7f8545ac07469d144530f,
        type: 3}
      propertyPath: m_LocalEulerAnglesHint.z
      value: 0
      objectReference: {fileID: 0}
    - target: {fileID: 3745442130777775058, guid: d84ef37956b7f8545ac07469d144530f,
        type: 3}
      propertyPath: m_LocalScale.x
      value: 1
      objectReference: {fileID: 0}
    - target: {fileID: 3745442130777775058, guid: d84ef37956b7f8545ac07469d144530f,
        type: 3}
      propertyPath: m_LocalScale.y
      value: 1
      objectReference: {fileID: 0}
    - target: {fileID: 3745442130777775058, guid: d84ef37956b7f8545ac07469d144530f,
        type: 3}
      propertyPath: m_LocalScale.z
      value: 1
      objectReference: {fileID: 0}
    - target: {fileID: 3745442130777775061, guid: d84ef37956b7f8545ac07469d144530f,
        type: 3}
      propertyPath: D
      value: 0
      objectReference: {fileID: 0}
    - target: {fileID: 3745442130777775061, guid: d84ef37956b7f8545ac07469d144530f,
        type: 3}
      propertyPath: C
      value: 1
      objectReference: {fileID: 0}
    m_RemovedComponents: []
  m_SourcePrefab: {fileID: 100100000, guid: d84ef37956b7f8545ac07469d144530f, type: 3}
--- !u!4 &3070618129996851126 stripped
Transform:
  m_CorrespondingSourceObject: {fileID: 3745442130777775058, guid: d84ef37956b7f8545ac07469d144530f,
    type: 3}
  m_PrefabInstance: {fileID: 1830569408135478372}
  m_PrefabAsset: {fileID: 0}
--- !u!1001 &1830569408651940390
PrefabInstance:
  m_ObjectHideFlags: 0
  serializedVersion: 2
  m_Modification:
    m_TransformParent: {fileID: 1830569409999716640}
    m_Modifications:
    - target: {fileID: 3338829905946490348, guid: 774ea0dab1a18ad4f8420d2b8913ff2b,
        type: 3}
      propertyPath: m_Name
      value: CityC (1)
      objectReference: {fileID: 0}
    - target: {fileID: 3338829905946490351, guid: 774ea0dab1a18ad4f8420d2b8913ff2b,
        type: 3}
      propertyPath: m_LocalPosition.x
      value: 0.03
      objectReference: {fileID: 0}
    - target: {fileID: 3338829905946490351, guid: 774ea0dab1a18ad4f8420d2b8913ff2b,
        type: 3}
      propertyPath: m_LocalPosition.y
      value: -0.062
      objectReference: {fileID: 0}
    - target: {fileID: 3338829905946490351, guid: 774ea0dab1a18ad4f8420d2b8913ff2b,
        type: 3}
      propertyPath: m_LocalPosition.z
      value: -0.39
      objectReference: {fileID: 0}
    - target: {fileID: 3338829905946490351, guid: 774ea0dab1a18ad4f8420d2b8913ff2b,
        type: 3}
      propertyPath: m_LocalRotation.x
      value: -0
      objectReference: {fileID: 0}
    - target: {fileID: 3338829905946490351, guid: 774ea0dab1a18ad4f8420d2b8913ff2b,
        type: 3}
      propertyPath: m_LocalRotation.y
      value: 0.42327514
      objectReference: {fileID: 0}
    - target: {fileID: 3338829905946490351, guid: 774ea0dab1a18ad4f8420d2b8913ff2b,
        type: 3}
      propertyPath: m_LocalRotation.z
      value: -0
      objectReference: {fileID: 0}
    - target: {fileID: 3338829905946490351, guid: 774ea0dab1a18ad4f8420d2b8913ff2b,
        type: 3}
      propertyPath: m_LocalRotation.w
      value: 0.9060012
      objectReference: {fileID: 0}
    - target: {fileID: 3338829905946490351, guid: 774ea0dab1a18ad4f8420d2b8913ff2b,
        type: 3}
      propertyPath: m_RootOrder
      value: 4
      objectReference: {fileID: 0}
    - target: {fileID: 3338829905946490351, guid: 774ea0dab1a18ad4f8420d2b8913ff2b,
        type: 3}
      propertyPath: m_LocalEulerAnglesHint.x
      value: 0
      objectReference: {fileID: 0}
    - target: {fileID: 3338829905946490351, guid: 774ea0dab1a18ad4f8420d2b8913ff2b,
        type: 3}
      propertyPath: m_LocalEulerAnglesHint.y
      value: 50.083004
      objectReference: {fileID: 0}
    - target: {fileID: 3338829905946490351, guid: 774ea0dab1a18ad4f8420d2b8913ff2b,
        type: 3}
      propertyPath: m_LocalEulerAnglesHint.z
      value: 0
      objectReference: {fileID: 0}
    - target: {fileID: 3338829905946490351, guid: 774ea0dab1a18ad4f8420d2b8913ff2b,
        type: 3}
      propertyPath: m_LocalScale.x
      value: 0.9985901
      objectReference: {fileID: 0}
    - target: {fileID: 3338829905946490351, guid: 774ea0dab1a18ad4f8420d2b8913ff2b,
        type: 3}
      propertyPath: m_LocalScale.y
      value: 0.9985901
      objectReference: {fileID: 0}
    - target: {fileID: 3338829905946490351, guid: 774ea0dab1a18ad4f8420d2b8913ff2b,
        type: 3}
      propertyPath: m_LocalScale.z
      value: 0.9985901
      objectReference: {fileID: 0}
    - target: {fileID: 3338829905946490350, guid: 774ea0dab1a18ad4f8420d2b8913ff2b,
        type: 3}
      propertyPath: C
      value: 0
      objectReference: {fileID: 0}
    - target: {fileID: 3338829905946490350, guid: 774ea0dab1a18ad4f8420d2b8913ff2b,
        type: 3}
      propertyPath: B
      value: 1
      objectReference: {fileID: 0}
    m_RemovedComponents: []
  m_SourcePrefab: {fileID: 100100000, guid: 774ea0dab1a18ad4f8420d2b8913ff2b, type: 3}
--- !u!4 &3977405461392615369 stripped
Transform:
  m_CorrespondingSourceObject: {fileID: 3338829905946490351, guid: 774ea0dab1a18ad4f8420d2b8913ff2b,
    type: 3}
  m_PrefabInstance: {fileID: 1830569408651940390}
  m_PrefabAsset: {fileID: 0}
--- !u!1001 &1830569409574560526
PrefabInstance:
  m_ObjectHideFlags: 0
  serializedVersion: 2
  m_Modification:
    m_TransformParent: {fileID: 1830569409999716640}
    m_Modifications:
    - target: {fileID: 3338829905946490348, guid: 774ea0dab1a18ad4f8420d2b8913ff2b,
        type: 3}
      propertyPath: m_Name
      value: CityC (3)
      objectReference: {fileID: 0}
    - target: {fileID: 3338829905946490351, guid: 774ea0dab1a18ad4f8420d2b8913ff2b,
        type: 3}
      propertyPath: m_LocalPosition.x
      value: 0.70402956
      objectReference: {fileID: 0}
    - target: {fileID: 3338829905946490351, guid: 774ea0dab1a18ad4f8420d2b8913ff2b,
        type: 3}
      propertyPath: m_LocalPosition.y
      value: -0.032
      objectReference: {fileID: 0}
    - target: {fileID: 3338829905946490351, guid: 774ea0dab1a18ad4f8420d2b8913ff2b,
        type: 3}
      propertyPath: m_LocalPosition.z
      value: -0.27599877
      objectReference: {fileID: 0}
    - target: {fileID: 3338829905946490351, guid: 774ea0dab1a18ad4f8420d2b8913ff2b,
        type: 3}
      propertyPath: m_LocalRotation.x
      value: 0.042815633
      objectReference: {fileID: 0}
    - target: {fileID: 3338829905946490351, guid: 774ea0dab1a18ad4f8420d2b8913ff2b,
        type: 3}
      propertyPath: m_LocalRotation.y
      value: 0.85307926
      objectReference: {fileID: 0}
    - target: {fileID: 3338829905946490351, guid: 774ea0dab1a18ad4f8420d2b8913ff2b,
        type: 3}
      propertyPath: m_LocalRotation.z
      value: 0.026066823
      objectReference: {fileID: 0}
    - target: {fileID: 3338829905946490351, guid: 774ea0dab1a18ad4f8420d2b8913ff2b,
        type: 3}
      propertyPath: m_LocalRotation.w
      value: -0.519368
      objectReference: {fileID: 0}
    - target: {fileID: 3338829905946490351, guid: 774ea0dab1a18ad4f8420d2b8913ff2b,
        type: 3}
      propertyPath: m_RootOrder
      value: 8
      objectReference: {fileID: 0}
    - target: {fileID: 3338829905946490351, guid: 774ea0dab1a18ad4f8420d2b8913ff2b,
        type: 3}
      propertyPath: m_LocalEulerAnglesHint.x
      value: -5.103
      objectReference: {fileID: 0}
    - target: {fileID: 3338829905946490351, guid: 774ea0dab1a18ad4f8420d2b8913ff2b,
        type: 3}
      propertyPath: m_LocalEulerAnglesHint.y
      value: 242.549
      objectReference: {fileID: 0}
    - target: {fileID: 3338829905946490351, guid: 774ea0dab1a18ad4f8420d2b8913ff2b,
        type: 3}
      propertyPath: m_LocalEulerAnglesHint.z
      value: 2.6460001
      objectReference: {fileID: 0}
    - target: {fileID: 3338829905946490351, guid: 774ea0dab1a18ad4f8420d2b8913ff2b,
        type: 3}
      propertyPath: m_LocalScale.x
      value: 0.9985901
      objectReference: {fileID: 0}
    - target: {fileID: 3338829905946490351, guid: 774ea0dab1a18ad4f8420d2b8913ff2b,
        type: 3}
      propertyPath: m_LocalScale.y
      value: 0.9985901
      objectReference: {fileID: 0}
    - target: {fileID: 3338829905946490351, guid: 774ea0dab1a18ad4f8420d2b8913ff2b,
        type: 3}
      propertyPath: m_LocalScale.z
      value: 0.9985901
      objectReference: {fileID: 0}
    - target: {fileID: 3338829905946490350, guid: 774ea0dab1a18ad4f8420d2b8913ff2b,
        type: 3}
      propertyPath: C
      value: 0
      objectReference: {fileID: 0}
    - target: {fileID: 3338829905946490350, guid: 774ea0dab1a18ad4f8420d2b8913ff2b,
        type: 3}
      propertyPath: D
      value: 1
      objectReference: {fileID: 0}
    m_RemovedComponents: []
  m_SourcePrefab: {fileID: 100100000, guid: 774ea0dab1a18ad4f8420d2b8913ff2b, type: 3}
--- !u!4 &3977405462617741025 stripped
Transform:
  m_CorrespondingSourceObject: {fileID: 3338829905946490351, guid: 774ea0dab1a18ad4f8420d2b8913ff2b,
    type: 3}
  m_PrefabInstance: {fileID: 1830569409574560526}
  m_PrefabAsset: {fileID: 0}
--- !u!1001 &1830569409645048769
PrefabInstance:
  m_ObjectHideFlags: 0
  serializedVersion: 2
  m_Modification:
    m_TransformParent: {fileID: 1830569409999716640}
    m_Modifications:
    - target: {fileID: 3338829905946490348, guid: 774ea0dab1a18ad4f8420d2b8913ff2b,
        type: 3}
      propertyPath: m_Name
      value: CityC (4)
      objectReference: {fileID: 0}
    - target: {fileID: 3338829905946490351, guid: 774ea0dab1a18ad4f8420d2b8913ff2b,
        type: 3}
      propertyPath: m_LocalPosition.x
      value: -2.2443824
      objectReference: {fileID: 0}
    - target: {fileID: 3338829905946490351, guid: 774ea0dab1a18ad4f8420d2b8913ff2b,
        type: 3}
      propertyPath: m_LocalPosition.y
      value: -0.086
      objectReference: {fileID: 0}
    - target: {fileID: 3338829905946490351, guid: 774ea0dab1a18ad4f8420d2b8913ff2b,
        type: 3}
      propertyPath: m_LocalPosition.z
      value: -0.43016428
      objectReference: {fileID: 0}
    - target: {fileID: 3338829905946490351, guid: 774ea0dab1a18ad4f8420d2b8913ff2b,
        type: 3}
      propertyPath: m_LocalRotation.x
      value: -0
      objectReference: {fileID: 0}
    - target: {fileID: 3338829905946490351, guid: 774ea0dab1a18ad4f8420d2b8913ff2b,
        type: 3}
      propertyPath: m_LocalRotation.y
      value: 0.63915384
      objectReference: {fileID: 0}
    - target: {fileID: 3338829905946490351, guid: 774ea0dab1a18ad4f8420d2b8913ff2b,
        type: 3}
      propertyPath: m_LocalRotation.z
      value: -0
      objectReference: {fileID: 0}
    - target: {fileID: 3338829905946490351, guid: 774ea0dab1a18ad4f8420d2b8913ff2b,
        type: 3}
      propertyPath: m_LocalRotation.w
      value: 0.76907897
      objectReference: {fileID: 0}
    - target: {fileID: 3338829905946490351, guid: 774ea0dab1a18ad4f8420d2b8913ff2b,
        type: 3}
      propertyPath: m_RootOrder
      value: 9
      objectReference: {fileID: 0}
    - target: {fileID: 3338829905946490351, guid: 774ea0dab1a18ad4f8420d2b8913ff2b,
        type: 3}
      propertyPath: m_LocalEulerAnglesHint.x
      value: 0
      objectReference: {fileID: 0}
    - target: {fileID: 3338829905946490351, guid: 774ea0dab1a18ad4f8420d2b8913ff2b,
        type: 3}
      propertyPath: m_LocalEulerAnglesHint.y
      value: 79.457
      objectReference: {fileID: 0}
    - target: {fileID: 3338829905946490351, guid: 774ea0dab1a18ad4f8420d2b8913ff2b,
        type: 3}
      propertyPath: m_LocalEulerAnglesHint.z
      value: 0
      objectReference: {fileID: 0}
    - target: {fileID: 3338829905946490351, guid: 774ea0dab1a18ad4f8420d2b8913ff2b,
        type: 3}
      propertyPath: m_LocalScale.x
      value: 0.9985901
      objectReference: {fileID: 0}
    - target: {fileID: 3338829905946490351, guid: 774ea0dab1a18ad4f8420d2b8913ff2b,
        type: 3}
      propertyPath: m_LocalScale.y
      value: 0.9985901
      objectReference: {fileID: 0}
    - target: {fileID: 3338829905946490351, guid: 774ea0dab1a18ad4f8420d2b8913ff2b,
        type: 3}
      propertyPath: m_LocalScale.z
      value: 0.9985901
      objectReference: {fileID: 0}
    - target: {fileID: 3338829905946490350, guid: 774ea0dab1a18ad4f8420d2b8913ff2b,
        type: 3}
      propertyPath: C
      value: 0
      objectReference: {fileID: 0}
    - target: {fileID: 3338829905946490350, guid: 774ea0dab1a18ad4f8420d2b8913ff2b,
        type: 3}
      propertyPath: B
      value: 1
      objectReference: {fileID: 0}
    m_RemovedComponents: []
  m_SourcePrefab: {fileID: 100100000, guid: 774ea0dab1a18ad4f8420d2b8913ff2b, type: 3}
--- !u!4 &3977405462566061614 stripped
Transform:
  m_CorrespondingSourceObject: {fileID: 3338829905946490351, guid: 774ea0dab1a18ad4f8420d2b8913ff2b,
    type: 3}
  m_PrefabInstance: {fileID: 1830569409645048769}
  m_PrefabAsset: {fileID: 0}
--- !u!1001 &1830569409687071391
PrefabInstance:
  m_ObjectHideFlags: 0
  serializedVersion: 2
  m_Modification:
    m_TransformParent: {fileID: 1830569409999716640}
    m_Modifications:
    - target: {fileID: 3745442130777775060, guid: d84ef37956b7f8545ac07469d144530f,
        type: 3}
      propertyPath: m_Name
      value: CityD (2)
      objectReference: {fileID: 0}
    - target: {fileID: 3745442130777775058, guid: d84ef37956b7f8545ac07469d144530f,
        type: 3}
      propertyPath: m_LocalPosition.x
      value: -1.47
      objectReference: {fileID: 0}
    - target: {fileID: 3745442130777775058, guid: d84ef37956b7f8545ac07469d144530f,
        type: 3}
      propertyPath: m_LocalPosition.y
      value: 0
      objectReference: {fileID: 0}
    - target: {fileID: 3745442130777775058, guid: d84ef37956b7f8545ac07469d144530f,
        type: 3}
      propertyPath: m_LocalPosition.z
      value: -0.02807617
      objectReference: {fileID: 0}
    - target: {fileID: 3745442130777775058, guid: d84ef37956b7f8545ac07469d144530f,
        type: 3}
      propertyPath: m_LocalRotation.x
      value: -0
      objectReference: {fileID: 0}
    - target: {fileID: 3745442130777775058, guid: d84ef37956b7f8545ac07469d144530f,
        type: 3}
      propertyPath: m_LocalRotation.y
      value: -0.9588988
      objectReference: {fileID: 0}
    - target: {fileID: 3745442130777775058, guid: d84ef37956b7f8545ac07469d144530f,
        type: 3}
      propertyPath: m_LocalRotation.z
      value: -0
      objectReference: {fileID: 0}
    - target: {fileID: 3745442130777775058, guid: d84ef37956b7f8545ac07469d144530f,
        type: 3}
      propertyPath: m_LocalRotation.w
      value: -0.2837486
      objectReference: {fileID: 0}
    - target: {fileID: 3745442130777775058, guid: d84ef37956b7f8545ac07469d144530f,
        type: 3}
      propertyPath: m_RootOrder
      value: 6
      objectReference: {fileID: 0}
    - target: {fileID: 3745442130777775058, guid: d84ef37956b7f8545ac07469d144530f,
        type: 3}
      propertyPath: m_LocalEulerAnglesHint.x
      value: 0
      objectReference: {fileID: 0}
    - target: {fileID: 3745442130777775058, guid: d84ef37956b7f8545ac07469d144530f,
        type: 3}
      propertyPath: m_LocalEulerAnglesHint.y
      value: -212.96799
      objectReference: {fileID: 0}
    - target: {fileID: 3745442130777775058, guid: d84ef37956b7f8545ac07469d144530f,
        type: 3}
      propertyPath: m_LocalEulerAnglesHint.z
      value: 0
      objectReference: {fileID: 0}
    - target: {fileID: 3745442130777775058, guid: d84ef37956b7f8545ac07469d144530f,
        type: 3}
      propertyPath: m_LocalScale.x
      value: 1
      objectReference: {fileID: 0}
    - target: {fileID: 3745442130777775058, guid: d84ef37956b7f8545ac07469d144530f,
        type: 3}
      propertyPath: m_LocalScale.y
      value: 1
      objectReference: {fileID: 0}
    - target: {fileID: 3745442130777775058, guid: d84ef37956b7f8545ac07469d144530f,
        type: 3}
      propertyPath: m_LocalScale.z
      value: 1
      objectReference: {fileID: 0}
    - target: {fileID: 3745442130777775061, guid: d84ef37956b7f8545ac07469d144530f,
        type: 3}
      propertyPath: D
      value: 1
      objectReference: {fileID: 0}
    m_RemovedComponents: []
  m_SourcePrefab: {fileID: 100100000, guid: d84ef37956b7f8545ac07469d144530f, type: 3}
--- !u!4 &3070618131531739469 stripped
Transform:
  m_CorrespondingSourceObject: {fileID: 3745442130777775058, guid: d84ef37956b7f8545ac07469d144530f,
    type: 3}
  m_PrefabInstance: {fileID: 1830569409687071391}
  m_PrefabAsset: {fileID: 0}
--- !u!1001 &1830569409775425477
PrefabInstance:
  m_ObjectHideFlags: 0
  serializedVersion: 2
  m_Modification:
    m_TransformParent: {fileID: 1830569409999716640}
    m_Modifications:
    - target: {fileID: 109576748609029797, guid: eaf604f692c3f16448f6aa818b9d92f7,
        type: 3}
      propertyPath: m_Name
      value: CityB (1)
      objectReference: {fileID: 0}
    - target: {fileID: 109576748609029803, guid: eaf604f692c3f16448f6aa818b9d92f7,
        type: 3}
      propertyPath: m_LocalPosition.x
      value: -1.936
      objectReference: {fileID: 0}
    - target: {fileID: 109576748609029803, guid: eaf604f692c3f16448f6aa818b9d92f7,
        type: 3}
      propertyPath: m_LocalPosition.y
      value: 0.083
      objectReference: {fileID: 0}
    - target: {fileID: 109576748609029803, guid: eaf604f692c3f16448f6aa818b9d92f7,
        type: 3}
      propertyPath: m_LocalPosition.z
      value: -0.1314817
      objectReference: {fileID: 0}
    - target: {fileID: 109576748609029803, guid: eaf604f692c3f16448f6aa818b9d92f7,
        type: 3}
      propertyPath: m_LocalRotation.x
      value: -0
      objectReference: {fileID: 0}
    - target: {fileID: 109576748609029803, guid: eaf604f692c3f16448f6aa818b9d92f7,
        type: 3}
      propertyPath: m_LocalRotation.y
      value: 0.76493955
      objectReference: {fileID: 0}
    - target: {fileID: 109576748609029803, guid: eaf604f692c3f16448f6aa818b9d92f7,
        type: 3}
      propertyPath: m_LocalRotation.z
      value: -0
      objectReference: {fileID: 0}
    - target: {fileID: 109576748609029803, guid: eaf604f692c3f16448f6aa818b9d92f7,
        type: 3}
      propertyPath: m_LocalRotation.w
      value: 0.64410216
      objectReference: {fileID: 0}
    - target: {fileID: 109576748609029803, guid: eaf604f692c3f16448f6aa818b9d92f7,
        type: 3}
      propertyPath: m_RootOrder
      value: 11
      objectReference: {fileID: 0}
    - target: {fileID: 109576748609029803, guid: eaf604f692c3f16448f6aa818b9d92f7,
        type: 3}
      propertyPath: m_LocalEulerAnglesHint.x
      value: 0
      objectReference: {fileID: 0}
    - target: {fileID: 109576748609029803, guid: eaf604f692c3f16448f6aa818b9d92f7,
        type: 3}
      propertyPath: m_LocalEulerAnglesHint.y
      value: 99.803
      objectReference: {fileID: 0}
    - target: {fileID: 109576748609029803, guid: eaf604f692c3f16448f6aa818b9d92f7,
        type: 3}
      propertyPath: m_LocalEulerAnglesHint.z
      value: 0
      objectReference: {fileID: 0}
    - target: {fileID: 109576748609029803, guid: eaf604f692c3f16448f6aa818b9d92f7,
        type: 3}
      propertyPath: m_LocalScale.x
      value: 1
      objectReference: {fileID: 0}
    - target: {fileID: 109576748609029803, guid: eaf604f692c3f16448f6aa818b9d92f7,
        type: 3}
      propertyPath: m_LocalScale.y
      value: 1
      objectReference: {fileID: 0}
    - target: {fileID: 109576748609029803, guid: eaf604f692c3f16448f6aa818b9d92f7,
        type: 3}
      propertyPath: m_LocalScale.z
      value: 1
      objectReference: {fileID: 0}
    - target: {fileID: 109576748609029802, guid: eaf604f692c3f16448f6aa818b9d92f7,
        type: 3}
      propertyPath: B
      value: 0
      objectReference: {fileID: 0}
    - target: {fileID: 109576748609029802, guid: eaf604f692c3f16448f6aa818b9d92f7,
        type: 3}
      propertyPath: C
      value: 1
      objectReference: {fileID: 0}
    m_RemovedComponents: []
  m_SourcePrefab: {fileID: 100100000, guid: eaf604f692c3f16448f6aa818b9d92f7, type: 3}
--- !u!4 &1793055340450255214 stripped
Transform:
  m_CorrespondingSourceObject: {fileID: 109576748609029803, guid: eaf604f692c3f16448f6aa818b9d92f7,
    type: 3}
  m_PrefabInstance: {fileID: 1830569409775425477}
  m_PrefabAsset: {fileID: 0}
--- !u!1001 &1830569409808712373
PrefabInstance:
  m_ObjectHideFlags: 0
  serializedVersion: 2
  m_Modification:
    m_TransformParent: {fileID: 1830569409999716640}
    m_Modifications:
    - target: {fileID: 3745442130777775060, guid: d84ef37956b7f8545ac07469d144530f,
        type: 3}
      propertyPath: m_Name
      value: CityD (3)
      objectReference: {fileID: 0}
    - target: {fileID: 3745442130777775058, guid: d84ef37956b7f8545ac07469d144530f,
        type: 3}
      propertyPath: m_LocalPosition.x
      value: -2.96
      objectReference: {fileID: 0}
    - target: {fileID: 3745442130777775058, guid: d84ef37956b7f8545ac07469d144530f,
        type: 3}
      propertyPath: m_LocalPosition.y
      value: 0
      objectReference: {fileID: 0}
    - target: {fileID: 3745442130777775058, guid: d84ef37956b7f8545ac07469d144530f,
        type: 3}
      propertyPath: m_LocalPosition.z
      value: -0.19
      objectReference: {fileID: 0}
    - target: {fileID: 3745442130777775058, guid: d84ef37956b7f8545ac07469d144530f,
        type: 3}
      propertyPath: m_LocalRotation.x
      value: -0
      objectReference: {fileID: 0}
    - target: {fileID: 3745442130777775058, guid: d84ef37956b7f8545ac07469d144530f,
        type: 3}
      propertyPath: m_LocalRotation.y
      value: -0.7560098
      objectReference: {fileID: 0}
    - target: {fileID: 3745442130777775058, guid: d84ef37956b7f8545ac07469d144530f,
        type: 3}
      propertyPath: m_LocalRotation.z
      value: -0
      objectReference: {fileID: 0}
    - target: {fileID: 3745442130777775058, guid: d84ef37956b7f8545ac07469d144530f,
        type: 3}
      propertyPath: m_LocalRotation.w
      value: -0.6545603
      objectReference: {fileID: 0}
    - target: {fileID: 3745442130777775058, guid: d84ef37956b7f8545ac07469d144530f,
        type: 3}
      propertyPath: m_RootOrder
      value: 10
      objectReference: {fileID: 0}
    - target: {fileID: 3745442130777775058, guid: d84ef37956b7f8545ac07469d144530f,
        type: 3}
      propertyPath: m_LocalEulerAnglesHint.x
      value: 0
      objectReference: {fileID: 0}
    - target: {fileID: 3745442130777775058, guid: d84ef37956b7f8545ac07469d144530f,
        type: 3}
      propertyPath: m_LocalEulerAnglesHint.y
      value: -261.773
      objectReference: {fileID: 0}
    - target: {fileID: 3745442130777775058, guid: d84ef37956b7f8545ac07469d144530f,
        type: 3}
      propertyPath: m_LocalEulerAnglesHint.z
      value: 0
      objectReference: {fileID: 0}
    - target: {fileID: 3745442130777775058, guid: d84ef37956b7f8545ac07469d144530f,
        type: 3}
      propertyPath: m_LocalScale.x
      value: 1
      objectReference: {fileID: 0}
    - target: {fileID: 3745442130777775058, guid: d84ef37956b7f8545ac07469d144530f,
        type: 3}
      propertyPath: m_LocalScale.y
      value: 1
      objectReference: {fileID: 0}
    - target: {fileID: 3745442130777775058, guid: d84ef37956b7f8545ac07469d144530f,
        type: 3}
      propertyPath: m_LocalScale.z
      value: 1
      objectReference: {fileID: 0}
    - target: {fileID: 3745442130777775061, guid: d84ef37956b7f8545ac07469d144530f,
        type: 3}
      propertyPath: C
      value: 1
      objectReference: {fileID: 0}
    - target: {fileID: 3745442130777775061, guid: d84ef37956b7f8545ac07469d144530f,
        type: 3}
      propertyPath: D
      value: 0
      objectReference: {fileID: 0}
    m_RemovedComponents: []
  m_SourcePrefab: {fileID: 100100000, guid: d84ef37956b7f8545ac07469d144530f, type: 3}
--- !u!4 &3070618131141679463 stripped
Transform:
  m_CorrespondingSourceObject: {fileID: 3745442130777775058, guid: d84ef37956b7f8545ac07469d144530f,
    type: 3}
  m_PrefabInstance: {fileID: 1830569409808712373}
  m_PrefabAsset: {fileID: 0}
--- !u!1001 &1830569409840824818
PrefabInstance:
  m_ObjectHideFlags: 0
  serializedVersion: 2
  m_Modification:
    m_TransformParent: {fileID: 1830569409999716640}
    m_Modifications:
    - target: {fileID: 3338829905946490348, guid: 774ea0dab1a18ad4f8420d2b8913ff2b,
        type: 3}
      propertyPath: m_Name
      value: CityC (2)
      objectReference: {fileID: 0}
    - target: {fileID: 3338829905946490351, guid: 774ea0dab1a18ad4f8420d2b8913ff2b,
        type: 3}
      propertyPath: m_LocalPosition.x
      value: -1.534
      objectReference: {fileID: 0}
    - target: {fileID: 3338829905946490351, guid: 774ea0dab1a18ad4f8420d2b8913ff2b,
        type: 3}
      propertyPath: m_LocalPosition.y
      value: -0.099
      objectReference: {fileID: 0}
    - target: {fileID: 3338829905946490351, guid: 774ea0dab1a18ad4f8420d2b8913ff2b,
        type: 3}
      propertyPath: m_LocalPosition.z
      value: -0.44
      objectReference: {fileID: 0}
    - target: {fileID: 3338829905946490351, guid: 774ea0dab1a18ad4f8420d2b8913ff2b,
        type: 3}
      propertyPath: m_LocalRotation.x
      value: -0
      objectReference: {fileID: 0}
    - target: {fileID: 3338829905946490351, guid: 774ea0dab1a18ad4f8420d2b8913ff2b,
        type: 3}
      propertyPath: m_LocalRotation.y
      value: 0.40920386
      objectReference: {fileID: 0}
    - target: {fileID: 3338829905946490351, guid: 774ea0dab1a18ad4f8420d2b8913ff2b,
        type: 3}
      propertyPath: m_LocalRotation.z
      value: -0
      objectReference: {fileID: 0}
    - target: {fileID: 3338829905946490351, guid: 774ea0dab1a18ad4f8420d2b8913ff2b,
        type: 3}
      propertyPath: m_LocalRotation.w
      value: 0.91244304
      objectReference: {fileID: 0}
    - target: {fileID: 3338829905946490351, guid: 774ea0dab1a18ad4f8420d2b8913ff2b,
        type: 3}
      propertyPath: m_RootOrder
      value: 7
      objectReference: {fileID: 0}
    - target: {fileID: 3338829905946490351, guid: 774ea0dab1a18ad4f8420d2b8913ff2b,
        type: 3}
      propertyPath: m_LocalEulerAnglesHint.x
      value: 0
      objectReference: {fileID: 0}
    - target: {fileID: 3338829905946490351, guid: 774ea0dab1a18ad4f8420d2b8913ff2b,
        type: 3}
      propertyPath: m_LocalEulerAnglesHint.y
      value: 48.31
      objectReference: {fileID: 0}
    - target: {fileID: 3338829905946490351, guid: 774ea0dab1a18ad4f8420d2b8913ff2b,
        type: 3}
      propertyPath: m_LocalEulerAnglesHint.z
      value: 0
      objectReference: {fileID: 0}
    - target: {fileID: 3338829905946490351, guid: 774ea0dab1a18ad4f8420d2b8913ff2b,
        type: 3}
      propertyPath: m_LocalScale.x
      value: 0.9985901
      objectReference: {fileID: 0}
    - target: {fileID: 3338829905946490351, guid: 774ea0dab1a18ad4f8420d2b8913ff2b,
        type: 3}
      propertyPath: m_LocalScale.y
      value: 0.9985901
      objectReference: {fileID: 0}
    - target: {fileID: 3338829905946490351, guid: 774ea0dab1a18ad4f8420d2b8913ff2b,
        type: 3}
      propertyPath: m_LocalScale.z
      value: 0.9985901
      objectReference: {fileID: 0}
    - target: {fileID: 3338829905946490350, guid: 774ea0dab1a18ad4f8420d2b8913ff2b,
        type: 3}
      propertyPath: C
      value: 0
      objectReference: {fileID: 0}
    m_RemovedComponents: []
  m_SourcePrefab: {fileID: 100100000, guid: 774ea0dab1a18ad4f8420d2b8913ff2b, type: 3}
--- !u!4 &3977405462888215581 stripped
Transform:
  m_CorrespondingSourceObject: {fileID: 3338829905946490351, guid: 774ea0dab1a18ad4f8420d2b8913ff2b,
    type: 3}
  m_PrefabInstance: {fileID: 1830569409840824818}
  m_PrefabAsset: {fileID: 0}
--- !u!1001 &3070618129970951267
PrefabInstance:
  m_ObjectHideFlags: 0
  serializedVersion: 2
  m_Modification:
    m_TransformParent: {fileID: 1830569409999716640}
    m_Modifications:
    - target: {fileID: 3745442130777775060, guid: d84ef37956b7f8545ac07469d144530f,
        type: 3}
      propertyPath: m_Name
      value: CityD
      objectReference: {fileID: 0}
    - target: {fileID: 3745442130777775058, guid: d84ef37956b7f8545ac07469d144530f,
        type: 3}
      propertyPath: m_LocalPosition.x
      value: 0.438573
      objectReference: {fileID: 0}
    - target: {fileID: 3745442130777775058, guid: d84ef37956b7f8545ac07469d144530f,
        type: 3}
      propertyPath: m_LocalPosition.y
      value: 0
      objectReference: {fileID: 0}
    - target: {fileID: 3745442130777775058, guid: d84ef37956b7f8545ac07469d144530f,
        type: 3}
      propertyPath: m_LocalPosition.z
      value: -0.02807617
      objectReference: {fileID: 0}
    - target: {fileID: 3745442130777775058, guid: d84ef37956b7f8545ac07469d144530f,
        type: 3}
      propertyPath: m_LocalRotation.x
      value: -0
      objectReference: {fileID: 0}
    - target: {fileID: 3745442130777775058, guid: d84ef37956b7f8545ac07469d144530f,
        type: 3}
      propertyPath: m_LocalRotation.y
      value: -0.6103909
      objectReference: {fileID: 0}
    - target: {fileID: 3745442130777775058, guid: d84ef37956b7f8545ac07469d144530f,
        type: 3}
      propertyPath: m_LocalRotation.z
      value: -0
      objectReference: {fileID: 0}
    - target: {fileID: 3745442130777775058, guid: d84ef37956b7f8545ac07469d144530f,
        type: 3}
      propertyPath: m_LocalRotation.w
      value: 0.7921003
      objectReference: {fileID: 0}
    - target: {fileID: 3745442130777775058, guid: d84ef37956b7f8545ac07469d144530f,
        type: 3}
      propertyPath: m_RootOrder
      value: 0
      objectReference: {fileID: 0}
    - target: {fileID: 3745442130777775058, guid: d84ef37956b7f8545ac07469d144530f,
        type: 3}
      propertyPath: m_LocalEulerAnglesHint.x
      value: 0
      objectReference: {fileID: 0}
    - target: {fileID: 3745442130777775058, guid: d84ef37956b7f8545ac07469d144530f,
        type: 3}
      propertyPath: m_LocalEulerAnglesHint.y
      value: -75.236
      objectReference: {fileID: 0}
    - target: {fileID: 3745442130777775058, guid: d84ef37956b7f8545ac07469d144530f,
        type: 3}
      propertyPath: m_LocalEulerAnglesHint.z
      value: 0
      objectReference: {fileID: 0}
    - target: {fileID: 3745442130777775058, guid: d84ef37956b7f8545ac07469d144530f,
        type: 3}
      propertyPath: m_LocalScale.x
      value: 1
      objectReference: {fileID: 0}
    - target: {fileID: 3745442130777775058, guid: d84ef37956b7f8545ac07469d144530f,
        type: 3}
      propertyPath: m_LocalScale.y
      value: 1
      objectReference: {fileID: 0}
    - target: {fileID: 3745442130777775058, guid: d84ef37956b7f8545ac07469d144530f,
        type: 3}
      propertyPath: m_LocalScale.z
      value: 1
      objectReference: {fileID: 0}
    m_RemovedComponents: []
  m_SourcePrefab: {fileID: 100100000, guid: d84ef37956b7f8545ac07469d144530f, type: 3}
--- !u!4 &1830569408158789553 stripped
Transform:
  m_CorrespondingSourceObject: {fileID: 3745442130777775058, guid: d84ef37956b7f8545ac07469d144530f,
    type: 3}
  m_PrefabInstance: {fileID: 3070618129970951267}
  m_PrefabAsset: {fileID: 0}
--- !u!1001 &3977405462825858056
PrefabInstance:
  m_ObjectHideFlags: 0
  serializedVersion: 2
  m_Modification:
    m_TransformParent: {fileID: 1830569409999716640}
    m_Modifications:
    - target: {fileID: 3338829905946490348, guid: 774ea0dab1a18ad4f8420d2b8913ff2b,
        type: 3}
      propertyPath: m_Name
      value: CityC
      objectReference: {fileID: 0}
    - target: {fileID: 3338829905946490351, guid: 774ea0dab1a18ad4f8420d2b8913ff2b,
        type: 3}
      propertyPath: m_LocalPosition.x
      value: -0.816
      objectReference: {fileID: 0}
    - target: {fileID: 3338829905946490351, guid: 774ea0dab1a18ad4f8420d2b8913ff2b,
        type: 3}
      propertyPath: m_LocalPosition.y
      value: -0.01428604
      objectReference: {fileID: 0}
    - target: {fileID: 3338829905946490351, guid: 774ea0dab1a18ad4f8420d2b8913ff2b,
        type: 3}
      propertyPath: m_LocalPosition.z
      value: 0.07
      objectReference: {fileID: 0}
    - target: {fileID: 3338829905946490351, guid: 774ea0dab1a18ad4f8420d2b8913ff2b,
        type: 3}
      propertyPath: m_LocalRotation.x
      value: -0
      objectReference: {fileID: 0}
    - target: {fileID: 3338829905946490351, guid: 774ea0dab1a18ad4f8420d2b8913ff2b,
        type: 3}
      propertyPath: m_LocalRotation.y
      value: 0.91684055
      objectReference: {fileID: 0}
    - target: {fileID: 3338829905946490351, guid: 774ea0dab1a18ad4f8420d2b8913ff2b,
        type: 3}
      propertyPath: m_LocalRotation.z
      value: -0
      objectReference: {fileID: 0}
    - target: {fileID: 3338829905946490351, guid: 774ea0dab1a18ad4f8420d2b8913ff2b,
        type: 3}
      propertyPath: m_LocalRotation.w
      value: 0.39925352
      objectReference: {fileID: 0}
    - target: {fileID: 3338829905946490351, guid: 774ea0dab1a18ad4f8420d2b8913ff2b,
        type: 3}
      propertyPath: m_RootOrder
      value: 3
      objectReference: {fileID: 0}
    - target: {fileID: 3338829905946490351, guid: 774ea0dab1a18ad4f8420d2b8913ff2b,
        type: 3}
      propertyPath: m_LocalEulerAnglesHint.x
      value: 0
      objectReference: {fileID: 0}
    - target: {fileID: 3338829905946490351, guid: 774ea0dab1a18ad4f8420d2b8913ff2b,
        type: 3}
      propertyPath: m_LocalEulerAnglesHint.y
      value: 132.93701
      objectReference: {fileID: 0}
    - target: {fileID: 3338829905946490351, guid: 774ea0dab1a18ad4f8420d2b8913ff2b,
        type: 3}
      propertyPath: m_LocalEulerAnglesHint.z
      value: 0
      objectReference: {fileID: 0}
    - target: {fileID: 3338829905946490351, guid: 774ea0dab1a18ad4f8420d2b8913ff2b,
        type: 3}
      propertyPath: m_LocalScale.x
      value: 0.9985901
      objectReference: {fileID: 0}
    - target: {fileID: 3338829905946490351, guid: 774ea0dab1a18ad4f8420d2b8913ff2b,
        type: 3}
      propertyPath: m_LocalScale.y
      value: 0.9985901
      objectReference: {fileID: 0}
    - target: {fileID: 3338829905946490351, guid: 774ea0dab1a18ad4f8420d2b8913ff2b,
        type: 3}
      propertyPath: m_LocalScale.z
      value: 0.9985901
      objectReference: {fileID: 0}
    m_RemovedComponents: []
  m_SourcePrefab: {fileID: 100100000, guid: 774ea0dab1a18ad4f8420d2b8913ff2b, type: 3}
--- !u!4 &1830569409904296423 stripped
Transform:
  m_CorrespondingSourceObject: {fileID: 3338829905946490351, guid: 774ea0dab1a18ad4f8420d2b8913ff2b,
    type: 3}
  m_PrefabInstance: {fileID: 3977405462825858056}
  m_PrefabAsset: {fileID: 0}
